=LDR  00000nam a2200000Ia 45e0
=008  241106s9999\\\\xx\\\\\\\\\\\\000\0\und\d
=100  \\$aRussell,  Teodor Joyno
=245  \2$aA 45-Day Comparative Study on the Two Culture Methods Eucheuma Cottonii: Bottom and Floating Methods at Lumayag Islet, Mabini, Bohol
=245  \0$bby Teodor Joyno Russell
=260  \\$aCogtong, Candijay
=260  \\$bBISU-Candijay
=260  \\$c1992
=300  \\$axi, 46 leaves
=852  \\$aBISU Candijay - Cogtong, Candijay
=876  \\$aBISU-CC-000001
=876  \\$bBISUCAN-T-2023000031
=876  \\$hFor room use only
=876  \\$jInventoried
=876  \\$tCopy 1

