=LDR  00000nam a2200000Ia 45e0
=008  241106s9999\\\\xx\\\\\\\\\\\\000\0\und\d
=100  \\$aJayoma,  Rolando
=245  \2$aA 45-Day Culture of Eucheuma Cottonii Seaweed Using Two Methods of Culture: Bottom and Floating Methods at Katiil, Cogtong Bay
=245  \0$bby Rolando Jayoma
=260  \\$aCogtong, Candijay
=260  \\$bBISU-Candijay
=260  \\$c1991
=300  \\$axii, 36 leaves
=852  \\$aBISU Candijay - Cogtong, Candijay
=876  \\$aBISU-CC-000002
=876  \\$bBISUCAN-T-2023000032
=876  \\$hFor room use only
=876  \\$jInventoried
=876  \\$tCopy 1

