=LDR  00000nam a2200000Ia 45e0
=008  241106s9999\\\\xx\\\\\\\\\\\\000\0\und\d
=100  \\$aGulle,  Marvin Javines
=245  \2$aA 45-Day Feasibility Study of Culturing "Lato" (Caulerpa Lentillefera) at Mr. Herminio Aparici's Brackishwater Fishpond
=245  \0$bby Marvin Javines Gulle
=260  \\$aCogtong, Candijay
=260  \\$bBISU-Candijay
=260  \\$c1993
=300  \\$axi, 23 leaves
=852  \\$aBISU Candijay - Cogtong, Candijay
=876  \\$aBISU-CC-000003
=876  \\$bBISUCAN-T-2023000033
=876  \\$hFor room use only
=876  \\$jInventoried
=876  \\$tCopy 1

