=LDR  00000nam a2200000Ia 45e0
=008  241106s9999\\\\xx\\\\\\\\\\\\000\0\und\d
=100  \\$aMaputol,  Apolonio B.
=245  \2$aA 45-Day Feasibility Study of Culturing "Lato" (Caulerpa Lentillefera) at the Bohol School of Fisheries Brackishwater Fishpond
=245  \0$bby Apolonio B. Maputol
=260  \\$aCogtong, Candijay
=260  \\$bBISU-Candijay
=260  \\$c1992
=300  \\$aix, 26 leaves
=852  \\$aBISU Candijay - Cogtong, Candijay
=876  \\$aBISU-CC-000004
=876  \\$bBISUCAN-T-2023000034
=876  \\$hFor room use only
=876  \\$jInventoried
=876  \\$tCopy 1

