=LDR  00000nam a2200000Ia 45e0
=008  241106s9999\\\\xx\\\\\\\\\\\\000\0\und\d
=100  \\$aGulle,  Herbert A. 
=245  \2$aA 45-Day on Culturing Eucheuma Cottonii (Seaweeds Using Two Methods Floating and Bottom at Masulog I. Cogtong Bay
=245  \0$bby Herbert A. Gulle 
=260  \\$aCogtong, Candijay
=260  \\$bBISU-Candijay
=260  \\$c1993
=300  \\$axii, 34 leaves
=852  \\$aBISU Candijay - Cogtong, Candijay
=876  \\$aBISU-CC-000005
=876  \\$bBISUCAN-T-2023000035
=876  \\$hFor room use only
=876  \\$jInventoried
=876  \\$tCopy 1

