=LDR  00000nam a2200000Ia 45e0
=008  241106s9999\\\\xx\\\\\\\\\\\\000\0\und\d
=100  \\$aEstapia,  Teodoro Genaloc 
=245  \2$aA 75-Day Feasibility Study of Striped Mullet (Mugil Cephalus) Cage Culture Fed with Filamentous Green Algae in Cogtong Bay
=245  \0$bby Teodoro Genaloc Estapia 
=260  \\$aCogtong, Candijay
=260  \\$bBISU-Candijay
=260  \\$c1993
=300  \\$axii, 29 leaves
=852  \\$aBISU Candijay - Cogtong, Candijay
=876  \\$aBISU-CC-000006
=876  \\$bBISUCAN-T-2023000036
=876  \\$hFor room use only
=876  \\$jInventoried
=876  \\$tCopy 1

