=LDR  00000nam a2200000Ia 45e0
=008  241106s9999\\\\xx\\\\\\\\\\\\000\0\und\d
=100  \\$aGulle,  Monro Javines
=245  \2$aA 75-Day Feasibility Study on a Net Cage Culture of Seawater Catfish (Plotosus Anguillaris) Artificially Fed with Common Frog's Meat in Cogtong Bay
=245  \0$bby Monro Javines Gulle
=260  \\$aCogtong, Candijay
=260  \\$bBISU-Candijay
=260  \\$c1993
=300  \\$axi, 22 leaves
=852  \\$aBISU Candijay - Cogtong, Candijay
=876  \\$aBISU-CC-000007
=876  \\$bBISUCAN-T-2023000038
=876  \\$hFor room use only
=876  \\$jInventoried
=876  \\$tCopy 1

