=LDR  00000nam a2200000Ia 45e0
=008  241106s9999\\\\xx\\\\\\\\\\\\000\0\und\d
=100  \\$aLibres,  Norberto Pondoc
=245  \2$aA 75-Day Study on the Net Cage Culture of Spadefish (Scatophagus Argus) at Anahaw Creek, Cogtong, Candijay, Bohol Using Filamentous Green Algae as Feeds
=245  \0$bby Norberto Pondoc Libres
=260  \\$aCogtong, Candijay
=260  \\$bBISU-Candijay
=260  \\$c1992
=300  \\$axiii, 28 leaves
=852  \\$aBISU Candijay - Cogtong, Candijay
=876  \\$aBISU-CC-000008
=876  \\$bBISUCAN-T-2023000039
=876  \\$hFor room use only
=876  \\$jInventoried
=876  \\$tCopy 1

