=LDR  00000nam a2200000Ia 45e0
=008  241106s9999\\\\xx\\\\\\\\\\\\000\0\und\d
=100  \\$aOclida,  Crisane Castañares
=245  \2$aA 90-Day Culture of Hardshell Mudclam in Running and Stagnant Water
=245  \0$bby Crisane Castañares Oclida
=260  \\$aCogtong, Candijay
=260  \\$bBISU-Candijay
=260  \\$c2003
=300  \\$avii, 37 leaves
=852  \\$aBISU Candijay - Cogtong, Candijay
=876  \\$aBISU-CC-000009
=876  \\$bBISUCAN-T-2023000040
=876  \\$hFor room use only
=876  \\$jInventoried
=876  \\$tCopy 1

