=LDR  00000nam a2200000Ia 45e0
=008  241106s9999\\\\xx\\\\\\\\\\\\000\0\und\d
=100  \\$aLariba,  Evelyn M.
=245  \2$aA 90-Day Study of Culturing Spotted Scat (Scatophagus Argus) in a Net Cage Fed with Commercial Feeds
=245  \0$bby Evelyn M. Lariba and Mary Jane G. Orias
=260  \\$aCogtong, Candijay
=260  \\$bBISU-Candijay
=260  \\$c2004
=300  \\$axi, 43 leaves
=700  \\1$aOrias, Mary Jane G.
=852  \\$aBISU Candijay - Cogtong, Candijay
=876  \\$aBISU-CC-000010
=876  \\$bBISUCAN-T-2023000041
=876  \\$hFor room use only
=876  \\$jInventoried
=876  \\$tCopy 1

