=LDR  00000nam a2200000Ia 45e0
=008  241106s9999\\\\xx\\\\\\\\\\\\000\0\und\d
=100  \\$aPugoy,  Reynaldo P.
=245  \2$aA Comparative Soil Analysis of the Brackishwater Fishpond of Mrs. Efigenia G. Olaivar in Cogtong, Candijay, Bohol in the Year 1984 and 1990
=245  \0$bby Reynaldo P. Pugoy
=260  \\$aCogtong, Candijay
=260  \\$bBISU-Candijay
=260  \\$c1991
=300  \\$axii, 46 leaves
=852  \\$aBISU Candijay - Cogtong, Candijay
=876  \\$aBISU-CC-000011
=876  \\$bBISUCAN-T-2023000042
=876  \\$hFor room use only
=876  \\$jInventoried
=876  \\$tCopy 1

