=LDR  00000nam a2200000Ia 45e0
=008  241106s9999\\\\xx\\\\\\\\\\\\000\0\und\d
=100  \\$aAparici,  Edecio Ellazo
=245  \2$aA Comparative Study of a Set Longline Fishing for Catching Moray Eel Using Three Kinds of Baits
=245  \0$bby Edecio Ellazo Aparici
=260  \\$aCogtong, Candijay
=260  \\$bBISU-Candijay
=260  \\$c1991
=300  \\$axi, 46 leaves
=852  \\$aBISU Candijay - Cogtong, Candijay
=876  \\$aBISU-CC-000012
=876  \\$bBISUCAN-T-2023000043
=876  \\$hFor room use only
=876  \\$jInventoried
=876  \\$tCopy 1

