=LDR  00000nam a2200000Ia 45e0
=008  241106s9999\\\\xx\\\\\\\\\\\\000\0\und\d
=100  \\$aOlandria,  Teresa B.
=245  \2$aA Comparative Study of Culturing Gray Mullet (Mugil Valgensis) in Bohol School of Fisheries Brackishwater Ponf Fed with Powdered Kutcharita Leaves and Powdered Ipil-Ipil Leaves as Suplemental Feeds
=245  \0$bby Teresa B. Olandria
=260  \\$aCogtong, Candijay
=260  \\$bBISU-Candijay
=260  \\$c1980
=300  \\$axiv, 26 leaves
=852  \\$aBISU Candijay - Cogtong, Candijay
=876  \\$aBISU-CC-000013
=876  \\$bBISUCAN-T-2023000044
=876  \\$hFor room use only
=876  \\$jInventoried
=876  \\$tCopy 1

