=LDR  00000nam a2200000Ia 45e0
=008  241106s9999\\\\xx\\\\\\\\\\\\000\0\und\d
=100  \\$aPagaran,   Luzminda Cervantes
=245  \2$aA Comparative Study of Culturing Gray Mullet (Mugil Valgensis) in Bohol School of Fisheries Brackiswater Pond Fed with Powdered Kutcharita Leaves and Powdered Ipil-Ipil Leaves as Supplemental Feeds
=245  \0$bLuzminda Cervantes Pagaran
=260  \\$aCogtong, Candijay
=260  \\$bBISU-Candijay
=260  \\$c1980
=300  \\$axii, 28 leaves
=852  \\$aBISU Candijay - Cogtong, Candijay
=876  \\$aBISU-CC-000014
=876  \\$bBISUCAN-T-2023000045
=876  \\$hFor room use only
=876  \\$jInventoried
=876  \\$tCopy 1

