=LDR  00000nam a2200000Ia 45e0
=008  241106s9999\\\\xx\\\\\\\\\\\\000\0\und\d
=100  \\$aMacarayo,  Novilyn Entud
=245  \2$aA Fattening of Mudcrab  in Bamboo Cage Fed with Trashfishes, Frogs Meat and golden Snails at CVSCAFT Pond
=245  \0$bby Novilyn Entud Macarayo
=260  \\$aCogtong, Candijay
=260  \\$bBISU-Candijay
=260  \\$c2003
=300  \\$ax, 36 leaves
=852  \\$aBISU Candijay - Cogtong, Candijay
=876  \\$aBISU-CC-000015
=876  \\$bBISUCAN-T-2023000046
=876  \\$hFor room use only
=876  \\$jInventoried
=876  \\$tCopy 1

