=LDR  00000nam a2200000Ia 45e0
=008  241106s9999\\\\xx\\\\\\\\\\\\000\0\und\d
=100  \\$aCapin,  Nerio Canete
=245  \2$aA Feasibility Study of the Catching Effectivity of Modified Lift Nets for Catching Blue and Green Crabs
=245  \0$bby Nerio Canete Capin
=260  \\$aCogtong, Candijay
=260  \\$bBISU-Candijay
=260  \\$c1991
=300  \\$ax, 28 leaves
=852  \\$aBISU Candijay - Cogtong, Candijay
=876  \\$aBISU-CC-000016
=876  \\$bBISUCAN-T-2023000047
=876  \\$hFor room use only
=876  \\$jInventoried
=876  \\$tCopy 1

