=LDR  00000nam a2200000Ia 45e0
=008  241106s9999\\\\xx\\\\\\\\\\\\000\0\und\d
=100  \\$aSalvatierra,  Quirina V.
=245  \2$aA Feasibility Study on Extracting Glue From Sea Cucumber Locally Known as "Bat Uwak"
=245  \0$bby Quirina V. Salvatierra
=260  \\$aCogtong, Candijay
=260  \\$bBISU-Candijay
=260  \\$c1978
=300  \\$ax, 23 leaves
=852  \\$aBISU Candijay - Cogtong, Candijay
=876  \\$aBISU-CC-000017
=876  \\$bBISUCAN-T-2023000048
=876  \\$hFor room use only
=876  \\$jInventoried
=876  \\$tCopy 1

