=LDR  00000nam a2200000Ia 45e0
=008  241106s9999\\\\xx\\\\\\\\\\\\000\0\und\d
=100  \\$aSamijon,  Candido T.
=245  \2$aA Hectare Prawn Pond Preparation Practices of the Five Fishpond Owner-Operators in Calape, Bohol and Their Effect on Harvest
=245  \0$bby Candido T. Samijon
=260  \\$aCogtong, Candijay
=260  \\$bBISU-Candijay
=260  \\$c1990
=300  \\$ax, 29 leaves
=852  \\$aBISU Candijay - Cogtong, Candijay
=876  \\$aBISU-CC-000018
=876  \\$bBISUCAN-T-2023000049
=876  \\$hFor room use only
=876  \\$jInventoried
=876  \\$tCopy 1

