=LDR  00000nam a2200000Ia 45e0
=008  241106s9999\\\\xx\\\\\\\\\\\\000\0\und\d
=100  \\$aBonsilig,  Macaria M.
=245  \2$aA Study in Culturing Swapmland Crayfish  (Alpheus Sp.) in Net Enclosure Fed with Trashfishes
=245  \0$bby Macaria M. Bonsilig and Phove C. Lofranco
=260  \\$aCogtong, Candijay
=260  \\$bBISU-Candijay
=260  \\$c2004
=300  \\$aix, 60 leaves
=700  \\1$aLofranco, Phove C.
=852  \\$aBISU Candijay - Cogtong, Candijay
=876  \\$aBISU-CC-000019
=876  \\$bBISUCAN-T-2023000050
=876  \\$hFor room use only
=876  \\$jInventoried
=876  \\$tCopy 1

