=LDR  00000nam a2200000Ia 45e0
=008  241106s9999\\\\xx\\\\\\\\\\\\000\0\und\d
=100  \\$aGultiano,  Evangeline Payot
=245  \2$aA Study of Canning Swamp Crab (Scylla Serrata) Meat in Four Styles
=245  \0$bby Evangeline Payot Gultiano
=260  \\$aCogtong, Candijay
=260  \\$bBISU-Candijay
=260  \\$c1979
=300  \\$ax, 24 leaves
=852  \\$aBISU Candijay - Cogtong, Candijay
=876  \\$aBISU-CC-000020
=876  \\$bBISUCAN-T-2023000051
=876  \\$hFor room use only
=876  \\$jInventoried
=876  \\$tCopy 1

