=LDR  00000nam a2200000Ia 45e0
=008  241106s9999\\\\xx\\\\\\\\\\\\000\0\und\d
=100  \\$aBoisano,  Rosario
=245  \2$aA Study of Culturing Grouper in Floating Net Cages Fed with Trashfish, Frog's Meat and Shrimp
=245  \0$bby Rosario Boisano and Elna A. Irog
=260  \\$aCogtong, Candijay
=260  \\$bBISU-Candijay
=260  \\$c2003
=300  \\$axi, 68 leaves
=700  \\1$aIrog, Elna A.
=852  \\$aBISU Candijay - Cogtong, Candijay
=876  \\$aBISU-CC-000021
=876  \\$bBISUCAN-T-2023000052
=876  \\$hFor room use only
=876  \\$jInventoried
=876  \\$tCopy 1

