=LDR  00000nam a2200000Ia 45e0
=008  241106s9999\\\\xx\\\\\\\\\\\\000\0\und\d
=100  \\$aPenton,  Zita Niones
=245  \2$aA Study of Culturing Land Turtles (Clemmys) Fed with Kitchen Left-Overs as Suplemental Feed
=245  \0$bby Zita Niones Penton
=260  \\$aCogtong, Candijay
=260  \\$bBISU-Candijay
=260  \\$c1980
=300  \\$axi, 24 leaves
=852  \\$aBISU Candijay - Cogtong, Candijay
=876  \\$aBISU-CC-000022
=876  \\$bBISUCAN-T-2023000053
=876  \\$hFor room use only
=876  \\$jInventoried
=876  \\$tCopy 1

