=LDR  00000nam a2200000Ia 45e0
=008  241106s9999\\\\xx\\\\\\\\\\\\000\0\und\d
=100  \\$aGalagar, Jr.,  Abundio Hinaloc
=245  \2$aA Study of Salinity Variations and Temperature Tolerance of Pink Shrimps (Pennaeus Duorarum)
=245  \0$bby Abundio Hinaloc Galagar Jr.
=260  \\$aCogtong, Candijay
=260  \\$bBISU-Candijay
=260  \\$c1993
=300  \\$ax, 27 leaves
=852  \\$aBISU Candijay - Cogtong, Candijay
=876  \\$aBISU-CC-000023
=876  \\$bBISUCAN-T-2023000054
=876  \\$hFor room use only
=876  \\$jInventoried
=876  \\$tCopy 1

