=LDR  00000nam a2200000Ia 45e0
=008  241106s9999\\\\xx\\\\\\\\\\\\000\0\und\d
=100  \\$aBayron, Jr. ,  Rogelio B.
=245  \2$aA Study of the Catching Efficiency of Semi-Stationary Winged-Floating Bangus Fry Trap Operated in Selected Areas of Cogtong Bay
=245  \0$bby Rogelio B. Bayron, Jr. and Genry A. Palmero
=260  \\$aCogtong, Candijay
=260  \\$bBISU-Candijay
=260  \\$c2004
=300  \\$aix, 47 leaves
=700  \\1$aPalmero, Genry A.
=852  \\$aBISU Candijay - Cogtong, Candijay
=876  \\$aBISU-CC-000024
=876  \\$bBISUCAN-T-2023000055
=876  \\$hFor room use only
=876  \\$jInventoried
=876  \\$tCopy 1

