=LDR  00000nam a2200000Ia 45e0
=008  241106s9999\\\\xx\\\\\\\\\\\\000\0\und\d
=100  \\$aPamaong,  Leonila Olavides
=245  \2$aA Study on Extracting Gel from Halymenia sp. Commonly Known as Owaman
=245  \0$bby Leonila Olavides Pamaong
=260  \\$aCogtong, Candijay
=260  \\$bBISU-Candijay
=260  \\$c1983
=300  \\$axii, 28 leaves
=852  \\$aBISU Candijay - Cogtong, Candijay
=876  \\$aBISU-CC-000025
=876  \\$bBISUCAN-T-2023000056
=876  \\$hFor room use only
=876  \\$jInventoried
=876  \\$tCopy 1

