=LDR  00000nam a2200000Ia 45e0
=008  241106s9999\\\\xx\\\\\\\\\\\\000\0\und\d
=100  \\$aTadena,  Jocelyn Piloton
=245  \2$aA Study on Making of Cookies Enriched with Fish Flour from Assorted Low Commercial Value Fishes Added with Desiccated Coconut
=245  \0$bby Jocelyn Piloton Tadena
=260  \\$aCogtong, Candijay
=260  \\$bBISU-Candijay
=260  \\$c1993
=300  \\$ax, 34 leaves
=852  \\$aBISU Candijay - Cogtong, Candijay
=876  \\$aBISU-CC-000026
=876  \\$bBISUCAN-T-2023000057
=876  \\$hFor room use only
=876  \\$jInventoried
=876  \\$tCopy 1

