=LDR  00000nam a2200000Ia 45e0
=008  241106s9999\\\\xx\\\\\\\\\\\\000\0\und\d
=100  \\$aSuganob,  Zenaida Honor
=245  \2$aA Study on Making of Crackers Enriched with Fish Protein using Ribbon-Finned Nemeptired (Towas)
=245  \0$bby Zenaida Honor Suganob
=260  \\$aCogtong, Candijay
=260  \\$bBISU-Candijay
=260  \\$c1991
=300  \\$ax, 30 leaves
=852  \\$aBISU Candijay - Cogtong, Candijay
=876  \\$aBISU-CC-000027
=876  \\$bBISUCAN-T-2023000058
=876  \\$hFor room use only
=876  \\$jInventoried
=876  \\$tCopy 1

