=LDR  00000nam a2200000Ia 45e0
=008  241106s9999\\\\xx\\\\\\\\\\\\000\0\und\d
=100  \\$aCadeliña,  Mansueto Gultiano
=245  \2$aA Study on Submerged Drift Long Line Using Venus Clam (Venus Sp.) and hermit Crab (Pagurus Sp.) as Baits Operated in Cogtong Bay
=245  \0$bby Mansueto Gultiano Cadeliña
=260  \\$aCogtong, Candijay
=260  \\$bBISU-Candijay
=260  \\$c1982
=300  \\$ax, 34 leaves
=852  \\$aBISU Candijay - Cogtong, Candijay
=876  \\$aBISU-CC-000028
=876  \\$bBISUCAN-T-2023000059
=876  \\$hFor room use only
=876  \\$jInventoried
=876  \\$tCopy 1

