=LDR  00000nam a2200000Ia 45e0
=008  241106s9999\\\\xx\\\\\\\\\\\\000\0\und\d
=100  \\$aGutierrez,  Winefredo Lariba
=245  \2$aA Study on the Bottom and Floating Culture Methods of Eucheuma Cottonii Seaweeds for 45-Days at Kalanggaman, Cogtong Bay
=245  \0$bby Winefredo Lariba Gutierrez
=260  \\$aCogtong, Candijay
=260  \\$bBISU-Candijay
=260  \\$c1992
=300  \\$aix, 34 leaves
=852  \\$aBISU Candijay - Cogtong, Candijay
=876  \\$aBISU-CC-000029
=876  \\$bBISUCAN-T-2023000060
=876  \\$hFor room use only
=876  \\$jInventoried
=876  \\$tCopy 1

