=LDR  00000nam a2200000Ia 45e0
=008  241106s9999\\\\xx\\\\\\\\\\\\000\0\und\d
=100  \\$aMaputol,  Ernesto A.
=245  \2$aA Study on the Cage Culture of Spadefish (Scatophagus Argus) at Cogtong Bay Using  Filamentous Green Algae as Feeds
=245  \0$bby Ernesto A. Maputol
=260  \\$aCogtong, Candijay
=260  \\$bBISU-Candijay
=260  \\$c1980
=300  \\$axii, 23 leaves
=852  \\$aBISU Candijay - Cogtong, Candijay
=876  \\$aBISU-CC-000030
=876  \\$bBISUCAN-T-2023000061
=876  \\$hFor room use only
=876  \\$jInventoried
=876  \\$tCopy 1

