=LDR  00000nam a2200000Ia 45e0
=008  241106s9999\\\\xx\\\\\\\\\\\\000\0\und\d
=100  \\$aDellosa,  Paterno T.
=245  \2$aA Study on the Catching Effectivity of a Modified Jig Using Fish as Bait
=245  \0$bby Paterno T. Dellosa
=260  \\$aCogtong, Candijay
=260  \\$bBISU-Candijay
=260  \\$c1983
=300  \\$axii, 35 leaves
=852  \\$aBISU Candijay - Cogtong, Candijay
=876  \\$aBISU-CC-000031
=876  \\$bBISUCAN-T-2023000062
=876  \\$hFor room use only
=876  \\$jInventoried
=876  \\$tCopy 1

