=LDR  00000nam a2200000Ia 45e0
=008  241106s9999\\\\xx\\\\\\\\\\\\000\0\und\d
=100  \\$aMontuya,  Prospero Piezas
=245  \2$aA Study on the Effectivity of a Modified Multiple Handline Locally Known as "Tsa-Tsa"
=245  \0$bby Prospero Piezas Montuya
=260  \\$aCogtong, Candijay
=260  \\$bBISU-Candijay
=260  \\$c1982
=300  \\$ax, 32 leaves
=852  \\$aBISU Candijay - Cogtong, Candijay
=876  \\$aBISU-CC-000032
=876  \\$bBISUCAN-T-2023000063
=876  \\$hFor room use only
=876  \\$jInventoried
=876  \\$tCopy 1

