=LDR  00000nam a2200000Ia 45e0
=008  241106s9999\\\\xx\\\\\\\\\\\\000\0\und\d
=100  \\$aPerocho,  Mercy E.
=245  \2$aA Study on the Improvement of Eucheuma (E. Cottonii) Jam Using Pineapple as Additive
=245  \0$bby Mercy E. Perocho
=260  \\$aCogtong, Candijay
=260  \\$bBISU-Candijay
=260  \\$c2003
=300  \\$axi, 42 leaves
=852  \\$aBISU Candijay - Cogtong, Candijay
=876  \\$aBISU-CC-000033
=876  \\$bBISUCAN-T-2023000064
=876  \\$hFor room use only
=876  \\$jInventoried
=876  \\$tCopy 1

