=LDR  00000nam a2200000Ia 45e0
=008  241106s9999\\\\xx\\\\\\\\\\\\000\0\und\d
=100  \\$aAchacoso,  Prisca Genaloc
=245  \2$aA Study on the Improvement of Texture of Ordinary Shrimp Kroepeck
=245  \0$bby Prisca Genaloc Achacoso
=260  \\$aCogtong, Candijay
=260  \\$bBISU-Candijay
=260  \\$c1989
=300  \\$axi, 41 leaves
=852  \\$aBISU Candijay - Cogtong, Candijay
=876  \\$aBISU-CC-000034
=876  \\$bBISUCAN-T-2023000065
=876  \\$hFor room use only
=876  \\$jInventoried
=876  \\$tCopy 1

