=LDR  00000nam a2200000Ia 45e0
=008  241106s9999\\\\xx\\\\\\\\\\\\000\0\und\d
=100  \\$aDuallo,  Elvissa Gucor
=245  \2$aA Study on the Polyculture of Bangus, Siganid and Spadefish in Brakishwater Fishpond Fed with Rice Bran Mixed with Powdered Kangkong Leaves (Epomoea Reptans) as Supplementary Feeds
=245  \0$bby Elvissa Gucor Duallo
=260  \\$aCogtong, Candijay
=260  \\$bBISU-Candijay
=260  \\$c1980
=300  \\$axii, 31 leaves
=852  \\$aBISU Candijay - Cogtong, Candijay
=876  \\$aBISU-CC-000035
=876  \\$bBISUCAN-T-2023000066
=876  \\$hFor room use only
=876  \\$jInventoried
=876  \\$tCopy 1

