=LDR  00000nam a2200000Ia 45e0
=008  241106s9999\\\\xx\\\\\\\\\\\\000\0\und\d
=100  \\$aRanay,  Reuben Canasa
=245  \2$aA Study on the Utilization of Gelidium Corneum Locally Known as "Lumot" into Agar Strips and Agar Granules
=245  \0$bby Reuben Canasa Ranay
=260  \\$aCogtong, Candijay
=260  \\$bBISU-Candijay
=260  \\$c1979
=300  \\$axi, 22 leaves
=852  \\$aBISU Candijay - Cogtong, Candijay
=876  \\$aBISU-CC-000036
=876  \\$bBISUCAN-T-2023000067
=876  \\$hFor room use only
=876  \\$jInventoried
=876  \\$tCopy 1

