=LDR  00000nam a2200000Ia 45e0
=008  241106s9999\\\\xx\\\\\\\\\\\\000\0\und\d
=100  \\$aOponda,  Vicenta Salaum
=245  \2$aA Survey of Different Commercial Species of Fresh Fish Sold at Lungsoda-an Public Market from September to November, 1990
=245  \0$bby Vicenta Salaum Oponda
=260  \\$aCogtong, Candijay
=260  \\$bBISU-Candijay
=260  \\$c1991
=300  \\$axii, 46 leaves
=852  \\$aBISU Candijay - Cogtong, Candijay
=876  \\$aBISU-CC-000037
=876  \\$bBISUCAN-T-2023000068
=876  \\$hFor room use only
=876  \\$jInventoried
=876  \\$tCopy 1

