=LDR  00000nam a2200000Ia 45e0
=008  241106s9999\\\\xx\\\\\\\\\\\\000\0\und\d
=100  \\$aCeniza,  Jundee L.
=245  \2$aA Survey of Prawn Pond Preparation in Three Municipalities of Bohol such as Tubigon, Calape and Loon
=245  \0$bby Jundee L. Ceniza
=260  \\$aCogtong, Candijay
=260  \\$bBISU-Candijay
=260  \\$c2002
=300  \\$axii, 49 leaves
=852  \\$aBISU Candijay - Cogtong, Candijay
=876  \\$aBISU-CC-000038
=876  \\$bBISUCAN-T-2023000069
=876  \\$hFor room use only
=876  \\$jInventoried
=876  \\$tCopy 1

