=LDR  00000nam a2200000Ia 45e0
=008  241106s9999\\\\xx\\\\\\\\\\\\000\0\und\d
=100  \\$aDaleon,  Christopher Bahian
=245  \2$aA Survey of the Different Fishing Gears Operated in Poblacion Orienta,l Valencia, Bohol in the SY. 2001-2002
=245  \0$bby Christopher Bahian Daleon
=260  \\$aCogtong, Candijay
=260  \\$bBISU-Candijay
=260  \\$c2002
=300  \\$aviii, 21 leaves
=852  \\$aBISU Candijay - Cogtong, Candijay
=876  \\$aBISU-CC-000039
=876  \\$bBISUCAN-T-2023000071
=876  \\$hFor room use only
=876  \\$jInventoried
=876  \\$tCopy 1

