=LDR  00000nam a2200000Ia 45e0
=008  241106s9999\\\\xx\\\\\\\\\\\\000\0\und\d
=100  \\$aLagunay,  Efren Ampong
=245  \2$aA Survey of the Status of Coral Reef Sanctuaries in Guindulman, Bohol in the SY-2003-2004
=245  \0$bby Efren Ampong Lagunay, Jonas Amoguis Janiola and Benjamin Buyo Cagoco
=260  \\$aCogtong, Candijay
=260  \\$bBISU-Candijay
=260  \\$c2004
=300  \\$axi, 39 leaves
=700  \\1$aAmoguis, Janiola Jonas
=700  \\1$aCagoco, Benjamin Buyo
=852  \\$aBISU Candijay - Cogtong, Candijay
=876  \\$aBISU-CC-000040
=876  \\$bBISUCAN-T-2023000072
=876  \\$hFor room use only
=876  \\$jInventoried
=876  \\$tCopy 1

