=LDR  00000nam a2200000Ia 45e0
=008  241106s9999\\\\xx\\\\\\\\\\\\000\0\und\d
=100  \\$aCastino Jr. ,  Mariano Huiso
=245  \2$aA Survey on Feeding Practices Engaged in  the Prawn Farmers in the Towns of  Talibon, Ubay, Mabini and Candijay in the Province of Bohol
=245  \0$bby Mariano Huiso Castino Jr. 
=260  \\$aCogtong, Candijay
=260  \\$bBISU-Candijay
=260  \\$c1991
=300  \\$axii, 43 leaves
=852  \\$aBISU Candijay - Cogtong, Candijay
=876  \\$aBISU-CC-000041
=876  \\$bBISUCAN-T-2023000073
=876  \\$hFor room use only
=876  \\$jInventoried
=876  \\$tCopy 1

