=LDR  00000nam a2200000Ia 45e0
=008  241106s9999\\\\xx\\\\\\\\\\\\000\0\und\d
=100  \\$aLoterte,  Luisito T.
=245  \2$aA Survey on Fishing Occupations and Other Alternative Occupation Related to Fishery in the Coastal Barangay of Cogtong, Panas and Tawid in Candijay, Bohol in 2002
=245  \0$bby Luisito T. Loterte
=260  \\$aCogtong, Candijay
=260  \\$bBISU-Candijay
=260  \\$c2002
=300  \\$aix, 34 leaves
=852  \\$aBISU Candijay - Cogtong, Candijay
=876  \\$aBISU-CC-000042
=876  \\$bBISUCAN-T-2023000077
=876  \\$hFor room use only
=876  \\$jInventoried
=876  \\$tCopy 1

