=LDR  00000nam a2200000Ia 45e0
=008  241106s9999\\\\xx\\\\\\\\\\\\000\0\und\d
=100  \\$aMellorida,  Ardelito Bautista
=245  \2$aA Survey on the Biculture of Prawn and Bangus of the Fishpond Owners/Operators in Inabannga, Bohol
=245  \0$bby Ardelito Bautista Mellorida
=260  \\$aCogtong, Candijay
=260  \\$bBISU-Candijay
=260  \\$c1988
=300  \\$axiii, 53 leaves
=852  \\$aBISU Candijay - Cogtong, Candijay
=876  \\$aBISU-CC-000043
=876  \\$bBISUCAN-T-2023000075
=876  \\$hFor room use only
=876  \\$jInventoried
=876  \\$tCopy 1

