=LDR  00000nam a2200000Ia 45e0
=008  241106s9999\\\\xx\\\\\\\\\\\\000\0\und\d
=100  \\$aInojales,  Luisa C.
=245  \2$aA Survey on the Catching and Marketing of Swimming Blue Crabs (Callinectes Sp.) in Cogtong Bay, Cogtong Candijay, Bohol
=245  \0$bby Luisa C. Inojales
=260  \\$aCogtong, Candijay
=260  \\$bBISU-Candijay
=260  \\$c1985
=300  \\$axii, 30 leaves
=852  \\$aBISU Candijay - Cogtong, Candijay
=876  \\$aBISU-CC-000044
=876  \\$bBISUCAN-T-2023000070
=876  \\$hFor room use only
=876  \\$jInventoried
=876  \\$tCopy 1

