=LDR  00000nam a2200000Ia 45e0
=008  241106s9999\\\\xx\\\\\\\\\\\\000\0\und\d
=100  \\$aArtiaga,  Alexander L.
=245  \2$aA Survey on the Culture System of Eucheuma in Danajon Reef, Hingotanan, Bein Unido, Bohol
=245  \0$bby Alexander L. Artiaga
=260  \\$aCogtong, Candijay
=260  \\$bBISU-Candijay
=260  \\$c1991
=300  \\$ax, 39 leaves
=852  \\$aBISU Candijay - Cogtong, Candijay
=876  \\$aBISU-CC-000045
=876  \\$bBISUCAN-T-2023000076
=876  \\$hFor room use only
=876  \\$jInventoried
=876  \\$tCopy 1

