=LDR  00000nam a2200000Ia 45e0
=008  241106s9999\\\\xx\\\\\\\\\\\\000\0\und\d
=100  \\$aBusano,  Justiniano 
=245  \2$aA Survey on the Fishing Occupations and Other Alternative Occupations Related to Fishery in the Coastal Barangays of Cogtong, Panas and Pangpang I Candijay Bohol in 1995
=245  \0$bby Justiniano Busano, Cris Dag-uman, Rufino Daguplo, Asterio Galvadores, Norbeto Galvadores, George Lariba, Raul Piloton,Glecerio Poquita, Jerry Odarbe, Perdd Anud, Nenita T. Estillore, Edna S. Evalarosa, Evelyn G. Milana, Judith A. Oponda, Elinita G. Piloton, Marife G. Piloton, Perlita U. Rosales and Dionisian D. Simacon
=260  \\$aCogtong, Candijay
=260  \\$bBISU-Candijay
=260  \\$c1996
=300  \\$avii, 54 leaves
=700  \\1$aAnud, Perdd
=700  \\1$aDag-uman, Cris
=700  \\1$aDaguplo, Rufino
=700  \\1$aEstillore, Nenita T.
=700  \\1$aEvalarosa, Edna S.
=700  \\1$aGalvadores, Asterio
=700  \\1$aGalvadores, Norbeto
=700  \\1$aLariba, George
=700  \\1$aMilana, Evelyn G.
=700  \\1$aOdarbe, Jerry
=700  \\1$aOponda, Judith A.
=700  \\1$aPiloton, Elinita G.
=700  \\1$aPiloton, Marife G.
=700  \\1$aPiloton, Raul
=700  \\1$aPoquita, Glecerio
=700  \\1$aRosales, Perlita U.
=700  \\1$aSimacon, Dionisian D.
=852  \\$aBISU Candijay - Cogtong, Candijay
=876  \\$aBISU-CC-000046
=876  \\$bBISUCAN-T-2023000078
=876  \\$hFor room use only
=876  \\$jInventoried
=876  \\$tCopy 1

