=LDR  00000nam a2200000Ia 45e0
=008  241106s9999\\\\xx\\\\\\\\\\\\000\0\und\d
=100  \\$aOmboy,  Ciriaco
=245  \2$aA Survey on the Pond Preparation Practices of Fishpond Owner-Operators in San Agustin, Talibon, Bohol and the Effect on the Harvest
=245  \0$bby Ciriaco Omboy
=260  \\$aCogtong, Candijay
=260  \\$bBISU-Candijay
=260  \\$c1987
=300  \\$ax, 39 leaves
=852  \\$aBISU Candijay - Cogtong, Candijay
=876  \\$aBISU-CC-000047
=876  \\$bBISUCAN-T-2023000074
=876  \\$hFor room use only
=876  \\$jInventoried
=876  \\$tCopy 1

