=LDR  00000nam a2200000Ia 45e0
=008  241106s9999\\\\xx\\\\\\\\\\\\000\0\und\d
=100  \\$aAkiat,  Edgardp Rara
=245  \2$aA Survey Study on the Productivity of Selected Bangus Fishponds in Eastern Towns of Bohol in Relation to Soil Analysis and Source of Fresh Water Supply
=245  \0$bby Edgardp Rara Akiat
=260  \\$aCogtong, Candijay
=260  \\$bBISU-Candijay
=260  \\$c1978
=300  \\$ax, 35 leaves
=852  \\$aBISU Candijay - Cogtong, Candijay
=876  \\$aBISU-CC-000048
=876  \\$bBISUCAN-T-2023000079
=876  \\$hFor room use only
=876  \\$jInventoried
=876  \\$tCopy 1

