=LDR  00000nam a2200000Ia 45e0
=008  241106s9999\\\\xx\\\\\\\\\\\\000\0\und\d
=100  \\$aAvenido,  Brainerd E. 
=245  \2$aA Three Month Feasibility Study of Culturing Abalone (Haliotis Asinina) in a Net Enclosure Fed with Seaweeds at Cogtong Bay
=245  \0$bby Brainerd E. Avenido and Wellamie T. Iman
=260  \\$aCogtong, Candijay
=260  \\$bBISU-Candijay
=260  \\$c2004
=300  \\$ax, 54 leaves
=700  \\1$aIman, Wellamie T.
=852  \\$aBISU Candijay - Cogtong, Candijay
=876  \\$aBISU-CC-000049
=876  \\$bBISUCAN-T-2023000080
=876  \\$hFor room use only
=876  \\$jInventoried
=876  \\$tCopy 1

