=LDR  00000nam a2200000Ia 45e0
=008  241106s9999\\\\xx\\\\\\\\\\\\000\0\und\d
=100  \\$aCulaste,  Romualdo Jamisola
=245  \2$aA Three Month Feasibility Study on Culturing of Groupers (Epenophelus sp.) Artificially Feed with Trash Fish and Shrimp in a Net Cage at Sagumay Tidal River in Candijay Bohol
=245  \0$bby Romualdo Jamisola Culaste
=260  \\$aCogtong, Candijay
=260  \\$bBISU-Candijay
=260  \\$c1991
=300  \\$ax, 30 leaves
=852  \\$aBISU Candijay - Cogtong, Candijay
=876  \\$aBISU-CC-000050
=876  \\$bBISUCAN-T-2023000081
=876  \\$hFor room use only
=876  \\$jInventoried
=876  \\$tCopy 1

