=LDR  00000nam a2200000Ia 45e0
=008  241106s9999\\\\xx\\\\\\\\\\\\000\0\und\d
=100  \\$aClapano,  Joel B.
=245  \2$aA Three Month Study of Culturing Sea Catfish in Floating Net Cage Fed with Trash Fishes in Cogtong Bay
=245  \0$bby Joel B. Clapano and Feliciano S. Pinili Jr.
=260  \\$aCogtong, Candijay
=260  \\$bBISU-Candijay
=260  \\$c2004
=300  \\$ax, 55 leaves
=700  \\1$aPinili Jr., Feliciano S.
=852  \\$aBISU Candijay - Cogtong, Candijay
=876  \\$aBISU-CC-000051
=876  \\$bBISUCAN-T-2023000082
=876  \\$hFor room use only
=876  \\$jInventoried
=876  \\$tCopy 1

