=LDR  00000nam a2200000Ia 45e0
=008  241106s9999\\\\xx\\\\\\\\\\\\000\0\und\d
=100  \\$aLadaran,  Maria Paz Achacoso
=245  \2$aA Three Month Survey on Commercial Dried Fish Sold at Mabini Public Market from November 1989 to January 1990
=245  \0$bby  Maria Paz Achacoso Ladaran
=260  \\$aCogtong, Candijay
=260  \\$bBISU-Candijay
=260  \\$c1990
=300  \\$ax, 51 leaves
=852  \\$aBISU Candijay - Cogtong, Candijay
=876  \\$aBISU-CC-000052
=876  \\$bBISUCAN-T-2023000084
=876  \\$hFor room use only
=876  \\$jInventoried
=876  \\$tCopy 1

