=LDR  00000nam a2200000Ia 45e0
=008  241106s9999\\\\xx\\\\\\\\\\\\000\0\und\d
=100  \\$aGultia,  Mary Joan Destajo
=245  \2$aA Three-Month Feasibility Study of Culturing Red Snapper in Floating Net Cage with Trashfishes in Cogtong Bay
=245  \0$bby Mary Joan Destajo Gultia
=260  \\$aCogtong, Candijay
=260  \\$bBISU-Candijay
=260  \\$c2003
=300  \\$axi, 37 leaves
=852  \\$aBISU Candijay - Cogtong, Candijay
=876  \\$aBISU-CC-000053
=876  \\$bBISUCAN-T-2023000083
=876  \\$hFor room use only
=876  \\$jInventoried
=876  \\$tCopy 1

