=LDR  00000nam a2200000Ia 45e0
=008  241106s9999\\\\xx\\\\\\\\\\\\000\0\und\d
=100  \\$aGultia,  Rosal A.
=245  \0$aAbundance of Holothuria Scabra in Tabangdio and Colanggaman Islet in Cogtong, Candijay, Bohol
=245  \0$bby Rosal A. Gultia and Jerame M. Hinautan
=260  \\$aCogtong, Candijay
=260  \\$bBISU-Candijay
=260  \\$c2015
=300  \\$aviii, 24 leaves
=700  \\1$aHinautan, Jerame M.
=852  \\$aBISU Candijay - Cogtong, Candijay
=876  \\$aBISU-CC-000054
=876  \\$bBISUCAN-T-2023000085
=876  \\$hFor room use only
=876  \\$jInventoried
=876  \\$tCopy 1

