=LDR  00000nam a2200000Ia 45e0
=008  241106s9999\\\\xx\\\\\\\\\\\\000\0\und\d
=100  \\$aTiempo,  Lolita Niemes
=245  \3$aAn Experimental Study on Culturing Siganids (Siganus Sp.) in Fish Pen at Cogotng Bay with Ripe Bananas as Supplemental Feed
=245  \0$bby Lolita niemes Tiempo
=260  \\$aCogtong, Candijay
=260  \\$bBISU-Candijay
=260  \\$c1979
=300  \\$axi, 15 leaves
=852  \\$aBISU Candijay - Cogtong, Candijay
=876  \\$aBISU-CC-000055
=876  \\$bBISUCAN-T-2023000086
=876  \\$hFor room use only
=876  \\$jInventoried
=876  \\$tCopy 1

