=LDR  00000nam a2200000Ia 45e0
=008  241106s9999\\\\xx\\\\\\\\\\\\000\0\und\d
=100  \\$aAniscal,  Rebecca Torrefiel 
=245  \3$aAn Experimental Study on the Salinity Tolerance of Climbing Perch
=245  \0$bby Rebecca Torrefiel Aniscal 
=260  \\$aCogtong, Candijay
=260  \\$bBISU-Candijay
=260  \\$c1983
=300  \\$axi, 20 leaves
=852  \\$aBISU Candijay - Cogtong, Candijay
=876  \\$aBISU-CC-000056
=876  \\$bBISUCAN-T-2023000087
=876  \\$hFor room use only
=876  \\$jInventoried
=876  \\$tCopy 1

