=LDR  00000nam a2200000Ia 45e0
=008  241106s9999\\\\xx\\\\\\\\\\\\000\0\und\d
=100  \\$aLuperez,  Vimer M.
=245  \0$aApplication of Experimental Feeds on the Freshwater Prawn Culture at Cambuyao, Panas, Candijay, Bohol
=245  \0$bby Vimer M. Luperez, Francis O. Maputol and John Vergel S. Cenabre
=260  \\$aCogtong, Candijay
=260  \\$bBISU-Candijay
=260  \\$c2014
=300  \\$avii, 33 leaves
=700  \\1$aCenabre, John Vergel S.
=700  \\1$aMaputol, Francis O.
=852  \\$aBISU Candijay - Cogtong, Candijay
=876  \\$aBISU-CC-000057
=876  \\$bBISUCAN-T-2023000088
=876  \\$hFor room use only
=876  \\$jInventoried
=876  \\$tCopy 1

