=LDR  00000nam a2200000Ia 45e0
=008  241106s9999\\\\xx\\\\\\\\\\\\000\0\und\d
=100  \\$aBero,  Reuben P.
=245  \0$aApplication of Technology in Induced Spawning of Native Catfish (Clarias Macrocephalus) using Pituitary Gland Extract in CVSCAFT, Candijay Campus
=245  \0$bby Reuben P. Bero, Jaesam C. Cimagala, Rhene A. Olavides, Maximo N. Estoce Jr. and Jhon Marvin R. Lasit
=260  \\$aCogtong, Candijay
=260  \\$bBISU-Candijay
=260  \\$c2008
=300  \\$axiii, 20 leaves
=700  \\1$aCimagala, Jaesam C.
=700  \\1$aEstoce Jr., Maximo N.
=700  \\1$aLasit, Jhon Marvin R.
=700  \\1$aOlavides, Rhene A.
=852  \\$aBISU Candijay - Cogtong, Candijay
=876  \\$aBISU-CC-000058
=876  \\$bBISUCAN-T-2023000089
=876  \\$hFor room use only
=876  \\$jInventoried
=876  \\$tCopy 1

