=LDR  00000nam a2200000Ia 45e0
=008  241106s9999\\\\xx\\\\\\\\\\\\000\0\und\d
=100  \\$aCuray,  Robert M.
=245  \0$aAssessment of Coral Life Forms in Tabangdio, Panas, Candijay, Bohol
=245  \0$bby Robert M. Curay, Sherry Mae G. Aguilar and Cecilio I. Arayata Jr.
=260  \\$aCogtong, Candijay
=260  \\$bBISU-Candijay
=260  \\$c2014
=300  \\$avii, 24 leaves
=700  \\1$aAguilar, Sherry Mae G.
=700  \\1$aArayata Jr., Cecilio I.
=852  \\$aBISU Candijay - Cogtong, Candijay
=876  \\$aBISU-CC-000059
=876  \\$bBISUCAN-T-2023000090
=876  \\$hFor room use only
=876  \\$jInventoried
=876  \\$tCopy 1

