=LDR  00000nam a2200000Ia 45e0
=008  241106s9999\\\\xx\\\\\\\\\\\\000\0\und\d
=100  \\$aHawan,  Aries
=245  \0$aAssessment of Mangrove Associated Invertibrates in Marcelo and Pier 2
=245  \0$bby Aries Hawan, Adonnez Olaivar, Anacel Arayata, Raquel Olajay and Maria Jean Caga
=260  \\$aCogtong, Candijay
=260  \\$bBISU-Candijay
=260  \\$c2008
=300  \\$aix, 25 leaves
=700  \\1$aArayata, Anacel
=700  \\1$aCaga, Maria Jean
=700  \\1$aOlaivar, Adonnez
=700  \\1$aOlajay, Raquel
=852  \\$aBISU Candijay - Cogtong, Candijay
=876  \\$aBISU-CC-000060
=876  \\$bBISUCAN-T-2023000092
=876  \\$hFor room use only
=876  \\$jInventoried
=876  \\$tCopy 1

