=LDR  00000nam a2200000Ia 45e0
=008  241106s9999\\\\xx\\\\\\\\\\\\000\0\und\d
=100  \\$aAmoy,  Jaime A.
=245  \0$aAssessment of Mangroves and Macro-Benthic Invertebrates in Colangaman Islet for Biodiversity Conservation
=245  \0$bby Jaime A. Amoy, Jennifer B. Jao-Jao and Melanjay Bofel R. Piquero
=260  \\$aCogtong, Candijay
=260  \\$bBISU-Candijay
=260  \\$c2014
=300  \\$avii, 27 leaves
=700  \\1$aJao-Jao, Jennifer B.
=700  \\1$aPiquero, Melanjay Bofel R.
=852  \\$aBISU Candijay - Cogtong, Candijay
=876  \\$aBISU-CC-000061
=876  \\$bBISUCAN-T-2023000091
=876  \\$hFor room use only
=876  \\$jInventoried
=876  \\$tCopy 1

