=LDR  00000nam a2200000Ia 45e0
=008  241106s9999\\\\xx\\\\\\\\\\\\000\0\und\d
=100  \\$aAsas,  Mario
=245  \0$aAssessment on the Profitability of the Polyculture of Milkfish ( Chanos Chanos) and Shrimp (P. Vannamie) in Pond of Mr. Eduardo Namuag in Panas, Candijay, Bohol
=245  \0$bby Mario Asas, Joel Bitancor, Enrique Brina, Efraim Padre and Eric Escobido
=260  \\$aCogtong, Candijay
=260  \\$bBISU-Candijay
=260  \\$c2010
=300  \\$axv, 28 leaves
=700  \\1$aBitancor, Joel
=700  \\1$aBrina, Enrique
=700  \\1$aEscobido, Eric
=700  \\1$aPadre, Efraim
=852  \\$aBISU Candijay - Cogtong, Candijay
=876  \\$aBISU-CC-000062
=876  \\$bBISUCAN-T-2023000093
=876  \\$hFor room use only
=876  \\$jInventoried
=876  \\$tCopy 1

