=LDR  00000nam a2200000Ia 45e0
=008  241106s9999\\\\xx\\\\\\\\\\\\000\0\und\d
=100  \\$aBunjan,  Chuchie T.
=245  \0$aCage Culture of Catfish (Clarias Batrachus) with Three Different Types of Feeds
=245  \0$bby Chuchie T. Bunjan, Cristy C. Peligro and Lea A. Lupian
=260  \\$aCogtong, Candijay
=260  \\$bBISU-Candijay
=260  \\$c2016
=300  \\$avii, 31 leaves
=700  \\1$aLupian, Lea A.
=700  \\1$aPeligro, Cristy C.
=852  \\$aBISU Candijay - Cogtong, Candijay
=876  \\$aBISU-CC-000063
=876  \\$bBISUCAN-T-2023000094
=876  \\$hFor room use only
=876  \\$jInventoried
=876  \\$tCopy 1

