=LDR  00000nam a2200000Ia 45e0
=008  241106s9999\\\\xx\\\\\\\\\\\\000\0\und\d
=100  \\$aBurato,  Ruel P.
=245  \0$aCage Culture of Freshwater Catfish Clarias Batrachus in Pond Fed with Experimental Feeds
=245  \0$bby Ruel P. Burato, Mhegly D. Durato and Judylyn B. Maputol
=260  \\$aCogtong, Candijay
=260  \\$bBISU-Candijay
=260  \\$c2015
=300  \\$aviii, 30 leaves
=700  \\1$aDurato, Mhegly D.
=700  \\1$aMaputol, Judylyn B.
=852  \\$aBISU Candijay - Cogtong, Candijay
=876  \\$aBISU-CC-000064
=876  \\$bBISUCAN-T-2023000095
=876  \\$hFor room use only
=876  \\$jInventoried
=876  \\$tCopy 1

