=LDR  00000nam a2200000Ia 45e0
=008  241106s9999\\\\xx\\\\\\\\\\\\000\0\und\d
=100  \\$aBautista,  Donita Rose N. 
=245  \0$aCage Culture of Scylla Serrata Fed with Three Different Types of Feeds
=245  \0$bby Donita Rose N. Bautista, Rebecca B. Lingotan and Nina S. Saludo
=260  \\$aCogtong, Candijay
=260  \\$bBISU-Candijay
=260  \\$c2015
=300  \\$avi, 31 leaves
=700  \\1$aLingotan Rebecca B.
=700  \\1$aSaludo, Nina S.
=852  \\$aBISU Candijay - Cogtong, Candijay
=876  \\$aBISU-CC-000065
=876  \\$bBISUCAN-T-2023000096
=876  \\$hFor room use only
=876  \\$jInventoried
=876  \\$tCopy 1

