=LDR  00000nam a2200000Ia 45e0
=008  241106s9999\\\\xx\\\\\\\\\\\\000\0\und\d
=100  \\$aMinguito,  Joram T.
=245  \0$aCatch and trade of Sea Cucumber in Nasingin, Getafe, Bohol
=245  \0$bby Joram T. Minguito, Jennifer M. Piloton and Jeselle S. Tuyac
=260  \\$aCogtong, Candijay
=260  \\$bBISU-Candijay
=260  \\$c2018
=300  \\$aviii, 49 leaves
=700  \\1$aPiloton, Jennifer M.
=700  \\1$aTuyac, Jeselle S.
=852  \\$aBISU Candijay - Cogtong, Candijay
=876  \\$aBISU-CC-000066
=876  \\$bBISUCAN-T-2023000098
=876  \\$hFor room use only
=876  \\$jInventoried
=876  \\$tCopy 1

