=LDR  00000nam a2200000Ia 45e0
=008  241106s9999\\\\xx\\\\\\\\\\\\000\0\und\d
=100  \\$aRomero,  Janjan A.
=245  \0$aCatching Efficiency of barrier Net in Collecting Ornamental Fishes at Kawasihan Reef
=245  \0$bby Janjan A. Romero, Francisco B. Piloton and Sabiniano M. Rangas Jr.
=260  \\$aCogtong, Candijay
=260  \\$bBISU-Candijay
=260  \\$c2007
=300  \\$ax, 20 leaves
=700  \\1$aPiloton, Francisco B.
=700  \\1$aRangas Jr., Sabiniano M.
=852  \\$aBISU Candijay - Cogtong, Candijay
=876  \\$aBISU-CC-000067
=876  \\$bBISUCAN-T-2023000099
=876  \\$hFor room use only
=876  \\$jInventoried
=876  \\$tCopy 1

