=LDR  00000nam a2200000Ia 45e0
=008  241106s9999\\\\xx\\\\\\\\\\\\000\0\und\d
=100  \\$aGultia Jr., Felipe
=245  \0$aCatching Efficiency of Floating Set Barring Gill Net Using Multifilament and Monofilament Twines Operated in Cogtong Bay
=245  \0$bby Felipe Gultia Jr. and Glenn Garcia
=260  \\$aCogtong, Candijay
=260  \\$bBISU-Candijay
=260  \\$c2005
=300  \\$axv, 38 leaves
=700  \\1$aGarcia, Glenn
=852  \\$aBISU Candijay - Cogtong, Candijay
=876  \\$aBISU-CC-000068
=876  \\$bBISUCAN-T-20230000100
=876  \\$hFor room use only
=876  \\$jInventoried
=876  \\$tCopy 1

