=LDR  00000nam a2200000Ia 45e0
=008  241106s9999\\\\xx\\\\\\\\\\\\000\0\und\d
=100  \\$aHinautan, Elfie 
=245  \0$aCatching Method and Disposal of Blue Swimming Crabs (Portunus Pelagicus) in Four Selected Coastal Town in Bohol as Perceived  the Respondents
=245  \0$bby Elfie Hinautan, Julie L. Mabalatan
=260  \\$aCogtong, Candijay
=260  \\$bBISU-Candijay
=260  \\$c2013
=300  \\$avii, 27 leaves
=700  \\1$aMabalatan, Julie L.
=852  \\$aBISU Candijay - Cogtong, Candijay
=876  \\$aBISU-CC-000069
=876  \\$bBISUCAN-T-2023000097
=876  \\$hFor room use only
=876  \\$jInventoried
=876  \\$tCopy 1

