=LDR  00000nam a2200000Ia 45e0
=008  241106s9999\\\\xx\\\\\\\\\\\\000\0\und\d
=100  \\$aAmolato, Clarisa Mae O. 
=245  \0$aCatching Profile of Blue Swimming Crabs in Three Coastal Communities of Ubay, Bohol
=245  \0$bby Clarisa Mae O. Amolato and Ma. Jonaville L. Delima
=260  \\$aCogtong, Candijay
=260  \\$bBISU-Candijay
=260  \\$c2018
=300  \\$aix, 23 leaves
=700  \\1$aDelima, Ma. Jonaville L.
=852  \\$aBISU Candijay - Cogtong, Candijay
=876  \\$aBISU-CC-000070
=876  \\$bBISUCAN-T-2023000101
=876  \\$hFor room use only
=876  \\$jInventoried
=876  \\$tCopy 1

