=LDR  00000nam a2200000Ia 45e0
=008  241106s9999\\\\xx\\\\\\\\\\\\000\0\und\d
=100  \\$aLabrador, Joenard E. 
=245  \0$aCatching Yield of Crab Pots in Candijay
=245  \0$bby Joenard E. Labrador and Jaqueline Mae B. Gule
=260  \\$aCogtong, Candijay
=260  \\$bBISU-Candijay
=260  \\$c2014
=300  \\$avii, 39 leaves
=700  \\1$aGule, Jaqueline Mae B.
=852  \\$aBISU Candijay - Cogtong, Candijay
=876  \\$aBISU-CC-000071
=876  \\$bBISUCAN-T-2023000102
=876  \\$hFor room use only
=876  \\$jInventoried
=876  \\$tCopy 1

