=LDR  00000nam a2200000Ia 45e0
=008  241106s9999\\\\xx\\\\\\\\\\\\000\0\und\d
=100  \\$aOlagui, Rheo D.
=245  \0$aCauses of Depletion of Sea Turtles in Ubay Bohol
=245  \0$bby Rheo D. Olaguir, John Marvin A. Libres and Retche Clark P. Naïve
=260  \\$aCogtong, Candijay
=260  \\$bBISU-Candijay
=260  \\$c2020
=300  \\$avii, 38 leaves
=700  \\1$aLibres, John Marvin A.
=700  \\1$aNaïve, Retche Clark P.
=852  \\$aBISU Candijay - Cogtong, Candijay
=876  \\$aBISU-CC-000072
=876  \\$bBISUCAN-T-2023000103
=876  \\$hFor room use only
=876  \\$jInventoried
=876  \\$tCopy 1

