=LDR  00000nam a2200000Ia 45e0
=008  241106s9999\\\\xx\\\\\\\\\\\\000\0\und\d
=100  \\$aBeronio, Mary Ann Requiz
=245  \0$aCollection, Identification and Economic Value of Oysters Found in Cogtong Bay Area
=245  \0$bby Mary Ann Requiz Beronio
=260  \\$aCogtong, Candijay
=260  \\$bBISU-Candijay
=260  \\$c1982
=300  \\$axi, 41 leaves
=852  \\$aBISU Candijay - Cogtong, Candijay
=876  \\$aBISU-CC-000073
=876  \\$bBISUCAN-T-2023000104
=876  \\$hFor room use only
=876  \\$jInventoried
=876  \\$tCopy 1

