=LDR  00000nam a2200000Ia 45e0
=008  241106s9999\\\\xx\\\\\\\\\\\\000\0\und\d
=100  \\$aAuguis, Jilma S.
=245  \0$aCommon Earthworm in the Diet Formulation for African Catfish (Clarias Gariepinus, Burchell) in Freshwater Ponds
=245  \0$bby Jilma S. Auguis, Cheryl M. Tinampay and Sharon A. Olandria
=260  \\$aCogtong, Candijay
=260  \\$bBISU-Candijay
=260  \\$c2015
=300  \\$aviii, 29 leaves
=700  \\1$aOlandria, Sharon A.
=700  \\1$aTinampay, Cheryl M.
=852  \\$aBISU Candijay - Cogtong, Candijay
=876  \\$aBISU-CC-000074
=876  \\$bBISUCAN-T-2023000105
=876  \\$hFor room use only
=876  \\$jInventoried
=876  \\$tCopy 1

