=LDR  00000nam a2200000Ia 45e0
=008  241106s9999\\\\xx\\\\\\\\\\\\000\0\und\d
=100  \\$aPiloton, Marissa Mae R.
=245  \0$aCommunity Structure of Brittle Stars (Ophiurida) in Shallow Waters of Cogtong Bay, Bohol, Philippines
=245  \0$bby Marissa Mae R. Piloton, Eleazar A. Melencion and Rose Mae D. Piloton
=260  \\$aCogtong, Candijay
=260  \\$bBISU-Candijay
=260  \\$c2007
=300  \\$aix, 21 leaves
=700  \\1$aMelencion, Eleazar A.
=700  \\1$aPiloton, Rose Mae D.
=852  \\$aBISU Candijay - Cogtong, Candijay
=876  \\$aBISU-CC-000075
=876  \\$bBISUCAN-T-2023000106
=876  \\$hFor room use only
=876  \\$jInventoried
=876  \\$tCopy 1

