=LDR  00000nam a2200000Ia 45e0
=008  241106s9999\\\\xx\\\\\\\\\\\\000\0\und\d
=100  \\$aLintogonan, Job Nimrob G.
=245  \0$aCommunity Structure of Macroalgae and Survey of Associated Fauna in Cogotng Bay, Bohol, Philippines
=245  \0$bby Job Nimrob G. Lintogonan, Ramil B. Bentillo and Ester S. Petalcorin
=260  \\$aCogtong, Candijay
=260  \\$bBISU-Candijay
=260  \\$c2008
=300  \\$aviii, 24 leaves
=700  \\1$aBentillo, Ramil B.
=700  \\1$aPetalcorin, Ester S.
=852  \\$aBISU Candijay - Cogtong, Candijay
=876  \\$aBISU-CC-000076
=876  \\$bBISUCAN-T-2023000107
=876  \\$hFor room use only
=876  \\$jInventoried
=876  \\$tCopy 1

