=LDR  00000nam a2200000Ia 45e0
=008  241106s9999\\\\xx\\\\\\\\\\\\000\0\und\d
=100  \\$aDolotina, Nicetas Dampog
=245  \0$aComparative Effect of Heat Intensity of Coconut Shell, Molave, Ipil-Ipil and Mahogany Pulp Charcoal
=245  \0$bby Nicetas Dampog Dolotina
=260  \\$aCogtong, Candijay
=260  \\$bBISU-Candijay
=260  \\$c1976
=300  \\$ax, 28 leaves
=852  \\$aBISU Candijay - Cogtong, Candijay
=876  \\$aBISU-CC-000077
=876  \\$bBISUCAN-T-2023000108
=876  \\$hFor room use only
=876  \\$jInventoried
=876  \\$tCopy 1

