=LDR  00000nam a2200000Ia 45e0
=008  241106s9999\\\\xx\\\\\\\\\\\\000\0\und\d
=100  \\$aQuilaton, Angelo D.
=245  \0$aComparative Study of Eucheuma "Striatum" Using Floating Longline Method in Two Different Sites in Cogtong Bay: Its Implication to CRM (Coastal Resource Management)
=245  \0$bby Angelo D. Quilaton, Franco R. Amorio and Roger Barugo 
=260  \\$aCogtong, Candijay
=260  \\$bBISU-Candijay
=260  \\$c2005
=300  \\$aviii, 20 leaves
=700  \\1$aAmorio, Franco R.
=700  \\1$aBarugo, Roger
=852  \\$aBISU Candijay - Cogtong, Candijay
=876  \\$aBISU-CC-000078
=876  \\$bBISUCAN-T-2023000114
=876  \\$hFor room use only
=876  \\$jInventoried
=876  \\$tCopy 1

