=LDR  00000nam a2200000Ia 45e0
=008  241106s9999\\\\xx\\\\\\\\\\\\000\0\und\d
=100  \\$aExclamado, Juvy J.
=245  \0$aComparative Study of Fattening Mudcrab (Scylla Serrata) Fed with Top Shell and Golden Snail
=245  \0$bby Juvy J. Exclamado, Teresita H. Berdera and Rosel C. Sansolis
=260  \\$aCogtong, Candijay
=260  \\$bBISU-Candijay
=260  \\$c2008
=300  \\$aix, 25 leaves
=700  \\1$aBerdera, Teresita H.
=700  \\1$aSansolis, Rosel C.
=852  \\$aBISU Candijay - Cogtong, Candijay
=876  \\$aBISU-CC-000079
=876  \\$bBISUCAN-T-2023000109
=876  \\$hFor room use only
=876  \\$jInventoried
=876  \\$tCopy 1

