=LDR  00000nam a2200000Ia 45e0
=008  241106s9999\\\\xx\\\\\\\\\\\\000\0\und\d
=100  \\$aAlaba, Liecel A.
=245  \0$aComparative Study of Gracilaria Firma in Floating Raft and Direct Staking Method Operated in Cogtong Bay
=245  \0$bby Liecel A. Alaba, Ivy B. Bermoy and Camel Hyacinth G. Elicano
=260  \\$aCogtong, Candijay
=260  \\$bBISU-Candijay
=260  \\$c2005
=300  \\$axiv, 37 leaves
=700  \\1$aBermoy, Ivy B.
=700  \\1$aElicano, Camel Hyacinth G.
=852  \\$aBISU Candijay - Cogtong, Candijay
=876  \\$aBISU-CC-000080
=876  \\$bBISUCAN-T-2023000110
=876  \\$hFor room use only
=876  \\$jInventoried
=876  \\$tCopy 1

