=LDR  00000nam a2200000Ia 45e0
=008  241106s9999\\\\xx\\\\\\\\\\\\000\0\und\d
=100  \\$aBernaldez, Desideria Olago
=245  \0$aComparative Study of the Effects of the Different Types of Lime Water and Lye water on the Quality and Taste of Kroepeck
=245  \0$bby Desideria Olago Bernaldez
=260  \\$aCogtong, Candijay
=260  \\$bBISU-Candijay
=260  \\$c1977
=300  \\$ax, 24 leaves
=852  \\$aBISU Candijay - Cogtong, Candijay
=876  \\$aBISU-CC-000081
=876  \\$bBISUCAN-T-2023000111
=876  \\$hFor room use only
=876  \\$jInventoried
=876  \\$tCopy 1

