=LDR  00000nam a2200000Ia 45e0
=008  241106s9999\\\\xx\\\\\\\\\\\\000\0\und\d
=100  \\$aCaputol, Romeo Olavides
=245  \0$aComparative Study on Stone Shelter and Brushwood Shelter fishing Method with an Encircling Gill Net as Catching Gear
=245  \0$bby Romeo Olavides Caputol
=260  \\$aCogtong, Candijay
=260  \\$bBISU-Candijay
=260  \\$c1993
=300  \\$axiii, 30 leaves
=852  \\$aBISU Candijay - Cogtong, Candijay
=876  \\$aBISU-CC-000082
=876  \\$bBISUCAN-T-2023000112
=876  \\$hFor room use only
=876  \\$jInventoried
=876  \\$tCopy 1

