=LDR  00000nam a2200000Ia 45e0
=008  241106s9999\\\\xx\\\\\\\\\\\\000\0\und\d
=100  \\$aEstorba, Cindy G.
=245  \0$aComparative Study on the Abundance of Telescopium Telecopium in Mangrove Reforested and Fishpond Areas in Panadtaran, Candijay, Bohol
=245  \0$bby Cindy G. Estorba, Rosamie A. Mateo and Maria Cleofe L. Aguilar
=260  \\$aCogtong, Candijay
=260  \\$bBISU-Candijay
=260  \\$c2007
=300  \\$aix, 22 leaves
=700  \\1$aAguilar, Maria Cleofe L.
=700  \\1$aMateo, Rosamie A.
=852  \\$aBISU Candijay - Cogtong, Candijay
=876  \\$aBISU-CC-000083
=876  \\$bBISUCAN-T-2023000113
=876  \\$hFor room use only
=876  \\$jInventoried
=876  \\$tCopy 1

