=LDR  00000nam a2200000Ia 45e0
=008  241106s9999\\\\xx\\\\\\\\\\\\000\0\und\d
=100  \\$aSimacio, Saldy O.
=245  \0$aConch Shell Gelaning in Cogtong Bay
=245  \0$bby Saldy O. Simacio and Joseph S. Casimsiman
=260  \\$aCogtong, Candijay
=260  \\$bBISU-Candijay
=260  \\$c2014
=300  \\$av, 22 leaves
=700  \\1$aCasimsiman, Joseph S.
=852  \\$aBISU Candijay - Cogtong, Candijay
=876  \\$aBISU-CC-000084
=876  \\$bBISUCAN-T-2023000115
=876  \\$hFor room use only
=876  \\$jInventoried
=876  \\$tCopy 1

