=LDR  00000nam a2200000Ia 45e0
=008  241106s9999\\\\xx\\\\\\\\\\\\000\0\und\d
=100  \\$aFerrer, Katherine D.
=245  \0$aCookies Enriched with Oyster (Crassostrea Iredalei)
=245  \0$bby Katherine D. Ferrer and Marie Bernadette A. Lacaya
=260  \\$aCogtong, Candijay
=260  \\$bBISU-Candijay
=260  \\$c2015
=300  \\$aix, 42 leaves
=700  \\1$aLacaya, Marie Bernadette A.
=852  \\$aBISU Candijay - Cogtong, Candijay
=876  \\$aBISU-CC-000085
=876  \\$bBISUCAN-T-2023000116
=876  \\$hFor room use only
=876  \\$jInventoried
=876  \\$tCopy 1

