=LDR  00000nam a2200000Ia 45e0
=008  241106s9999\\\\xx\\\\\\\\\\\\000\0\und\d
=100  \\$aEdquilang,  Ma. Cecilia B.
=245  \0$aCulture of Native Catfish (Clarias Macrocephalus) Fed with Termites and Trashfish
=245  \0$bby Ma. Cecilia B. Edquilang, Genda M. Libres and Ronel L. Platino
=260  \\$aCogtong, Candijay
=260  \\$bBISU-Candijay
=260  \\$c2016
=300  \\$av, 41 leaves
=700  \\1$aLibres, Genda M.
=700  \\1$aPlatino, Ronel L.
=852  \\$aBISU Candijay - Cogtong, Candijay
=876  \\$aBISU-CC-000086
=876  \\$bBISUCAN-T-2023000117
=876  \\$hFor room use only
=876  \\$jInventoried
=876  \\$tCopy 1

