=LDR  00000nam a2200000Ia 45e0
=008  241106s9999\\\\xx\\\\\\\\\\\\000\0\und\d
=100  \\$aJandayan Jr., Ananias D.
=245  \0$aCulture of Spotted Grouper in Brackishwater Pond Fed with Golden snails and Hermit Crabs
=245  \0$bby Ananias D. Jandayan Jr., Arc P. Medrozo, Jessica B. Macarayan and Michelle N. Pellazar
=260  \\$aCogtong, Candijay
=260  \\$bBISU-Candijay
=260  \\$c2008
=300  \\$aviii, 28 leaves
=700  \\1$aMacarayan, Jessica B.
=700  \\1$aMedrozo, Arc P.
=700  \\1$aPellazar, Michelle N.
=852  \\$aBISU Candijay - Cogtong, Candijay
=876  \\$aBISU-CC-000087
=876  \\$bBISUCAN-T-2023000118
=876  \\$hFor room use only
=876  \\$jInventoried
=876  \\$tCopy 1

