=LDR  00000nam a2200000Ia 45e0
=008  241106s9999\\\\xx\\\\\\\\\\\\000\0\und\d
=100  \\$aOlavides, Cristian N.
=245  \0$aDistribution and Density of Crown of Thorns in Kawasihan, Tabangdio, and Lumislis Islets
=245  \0$bby Cristian N. Olavides, Jestoni C. Oclida and Robert P. Milana
=260  \\$aCogtong, Candijay
=260  \\$bBISU-Candijay
=260  \\$c2015
=300  \\$av, 17 leaves
=700  \\1$aMilana, Robert P.
=700  \\1$aOclida, Jestoni C.
=852  \\$aBISU Candijay - Cogtong, Candijay
=876  \\$aBISU-CC-000088
=876  \\$bBISUCAN-T-2023000119
=876  \\$hFor room use only
=876  \\$jInventoried
=876  \\$tCopy 1

