=LDR  00000nam a2200000Ia 45e0
=008  241106s9999\\\\xx\\\\\\\\\\\\000\0\und\d
=100  \\$aAvenido, Joefer C.
=245  \0$aDiversity and Abundance of Starfish (Order Valvatida) in the Shallow Waters of Ubay, Bohol
=245  \0$bby Joefer C. Avenido and Jhovanie A. Devero
=260  \\$aCogtong, Candijay
=260  \\$bBISU-Candijay
=260  \\$c2015
=300  \\$avi, 17 leaves
=700  \\1$aDevero, Jhovanie A.
=852  \\$aBISU Candijay - Cogtong, Candijay
=876  \\$aBISU-CC-000089
=876  \\$bBISUCAN-T-2023000120
=876  \\$hFor room use only
=876  \\$jInventoried
=876  \\$tCopy 1

