=LDR  00000nam a2200000Ia 45e0
=008  241106s9999\\\\xx\\\\\\\\\\\\000\0\und\d
=100  \\$aHingpit, Annie Marie J.
=245  \0$aEconomic Impact of Trammel Net Fishing in Cogtong , Panas, Candijay and Minol, Mabini, Bohol
=245  \0$bby Annie Marie J. Hingpit, John Ruel Agabilin and Ralph P. Olasiman
=260  \\$aCogtong, Candijay
=260  \\$bBISU-Candijay
=260  \\$c2020
=300  \\$avi, 31 leaves
=700  \\1$aAgabilin, John Ruel
=700  \\1$aOlasiman, Ralph P.
=852  \\$aBISU Candijay - Cogtong, Candijay
=876  \\$aBISU-CC-000090
=876  \\$bBISUCAN-T-2023000121
=876  \\$hFor room use only
=876  \\$jInventoried
=876  \\$tCopy 1

