=LDR  00000nam a2200000Ia 45e0
=008  241106s9999\\\\xx\\\\\\\\\\\\000\0\und\d
=100  \\$aCasing, Jowelyn
=245  \0$aEconomis Evaluation of Sea Cucumber as Perceived  Gleaners in Cogtong Bay: It's Implication to resource Management
=245  \0$bby Jowelyn Casing, Mary Joy C. Bayron, Ramel O. Castanares and Isabelo O. Baja
=260  \\$aCogtong, Candijay
=260  \\$bBISU-Candijay
=260  \\$c2007
=300  \\$aix, 23 leaves
=700  \\1$aBaja, Isabelo O.
=700  \\1$aBayron, Mary Joy C.
=700  \\1$aCastanares, Ramel O.
=852  \\$aBISU Candijay - Cogtong, Candijay
=876  \\$aBISU-CC-000091
=876  \\$bBISUCAN-T-2023000122
=876  \\$hFor room use only
=876  \\$jInventoried
=876  \\$tCopy 1

