=LDR  00000nam a2200000Ia 45e0
=008  241106s9999\\\\xx\\\\\\\\\\\\000\0\und\d
=100  \\$aRegidor,  Katherine D.
=245  \0$aEffeciency of collapsible trap in catching crab in Cogtong Bay
=245  \0$bby Katherine D. Regidor, Marilou C. Cutor and Stephanie O. Butong
=260  \\$aCogtong, Candijay
=260  \\$bBISU-Candijay
=260  \\$c2018
=300  \\$avi, 29 leaves
=700  \\1$aButong, Stephanie O.
=700  \\1$aCutor, Marilou C.
=852  \\$aBISU Candijay - Cogtong, Candijay
=876  \\$aBISU-CC-000092
=876  \\$bBISUCAN-T-2023000134
=876  \\$hFor room use only
=876  \\$jInventoried
=876  \\$tCopy 1

