=LDR  00000nam a2200000Ia 45e0
=008  241106s9999\\\\xx\\\\\\\\\\\\000\0\und\d
=100  \\$aGutierrez,  Rhesa Y.
=245  \0$aEffect of Excoecaria Agallocha Leachates on Golden Apple Snail Pomacea Canaliculata and Rice Plant Oryza Sativa
=245  \0$bby Rhesa Y. Gutierrez and Joel J. Tutor
=260  \\$aCogtong, Candijay
=260  \\$bBISU-Candijay
=260  \\$c2016
=300  \\$aviii, 25 leaves
=700  \\1$aTutor, Joel J.
=852  \\$aBISU Candijay - Cogtong, Candijay
=876  \\$aBISU-CC-000093
=876  \\$bBISUCAN-T-2023000126
=876  \\$hFor room use only
=876  \\$jInventoried
=876  \\$tCopy 1

