=LDR  00000nam a2200000Ia 45e0
=008  241106s9999\\\\xx\\\\\\\\\\\\000\0\und\d
=100  \\$aPat,  Cezar Ryan P.
=245  \0$aEffect of High Stocking Density on the Culture of Carp (Cyprinus Carpio) in Cage Fed with Commercial
=245  \0$bby Cezar Ryan P. Pat, Yvonne T. Maquinano, Myrlou A. Olavides and Mariel A. Piloton
=260  \\$aCogtong, Candijay
=260  \\$bBISU-Candijay
=260  \\$c2015
=300  \\$avii, 26 leaves
=700  \\1$aMaquinano, Yvonne T.
=700  \\1$aOlavides, Myrlou A.
=700  \\1$aPiloton, Mariel A.
=852  \\$aBISU Candijay - Cogtong, Candijay
=876  \\$aBISU-CC-000094
=876  \\$bBISUCAN-T-2023000128
=876  \\$hFor room use only
=876  \\$jInventoried
=876  \\$tCopy 1

