=LDR  00000nam a2200000Ia 45e0
=008  241106s9999\\\\xx\\\\\\\\\\\\000\0\und\d
=100  \\$aPiloton,  Justice M.
=245  \0$aEffect of Self-formulated and Commercial Feeds on Cage Cultured Nile Tilapia Oreochromis Niloticus
=245  \0$bby Justice M. Piloton, Rey L. Ranas and Jaygon C. Aton
=260  \\$aCogtong, Candijay
=260  \\$bBISU-Candijay
=260  \\$c2016
=300  \\$avii, 23 leaves
=700  \\1$aRanas, Jaygon C.
=700  \\1$aRanas, Rey L.
=852  \\$aBISU Candijay - Cogtong, Candijay
=876  \\$aBISU-CC-000095
=876  \\$bBISUCAN-T-2023000123
=876  \\$hFor room use only
=876  \\$jInventoried
=876  \\$tCopy 1

