=LDR  00000nam a2200000Ia 45e0
=008  241106s9999\\\\xx\\\\\\\\\\\\000\0\und\d
=100  \\$aDusaran,  Normalyn F.
=245  \0$aEffects of Barringtonia Asiatica on Fishpond Snails Telescopium and Terebralia Semistriata
=245  \0$bby Normalyn F. Dusaran, Jia J. Egmilan and Ma. Grace A. Ampusta
=260  \\$aCogtong, Candijay
=260  \\$bBISU-Candijay
=260  \\$c2016
=300  \\$aviii, 34 leaves
=700  \\1$aAmpusta, Ma. Grace A.
=700  \\1$aEgmilan, Jia J.
=852  \\$aBISU Candijay - Cogtong, Candijay
=876  \\$aBISU-CC-000096
=876  \\$bBISUCAN-T-2023000124
=876  \\$hFor room use only
=876  \\$jInventoried
=876  \\$tCopy 1

