=LDR  00000nam a2200000Ia 45e0
=008  241106s9999\\\\xx\\\\\\\\\\\\000\0\und\d
=100  \\$aNituda,  John Hurrell A.
=245  \0$aEffects of Chlorine on the Nile Tilapia Oreochromis Niloticus Fry
=245  \0$bby John Hurrell A. Nituda and Joselito R. Palami, Jr.
=260  \\$aCogtong, Candijay
=260  \\$bBISU-Candijay
=260  \\$c2013
=300  \\$avi, 19 leaves
=700  \\1$aPalami, Jr., Joselito R.
=852  \\$aBISU Candijay - Cogtong, Candijay
=876  \\$aBISU-CC-000097
=876  \\$bBISUCAN-T-2023000133
=876  \\$hFor room use only
=876  \\$jInventoried
=876  \\$tCopy 1

