=LDR  00000nam a2200000Ia 45e0
=008  241106s9999\\\\xx\\\\\\\\\\\\000\0\und\d
=100  \\$aMejas,  Hazel C.
=245  \0$aEffects of Diet on the growth of Mudcrab (Syclla Serrata) in a Pit
=245  \0$bby Hazel C. Mejas, Nevame A. Olaer and Lyndon B. Canada
=260  \\$aCogtong, Candijay
=260  \\$bBISU-Candijay
=260  \\$c2007
=300  \\$aix, 18 leaves
=700  \\1$aCanada, Lyndon B.
=700  \\1$aOlaer, Nevame A.
=852  \\$aBISU Candijay - Cogtong, Candijay
=876  \\$aBISU-CC-000098
=876  \\$bBISUCAN-T-2023000125
=876  \\$hFor room use only
=876  \\$jInventoried
=876  \\$tCopy 1

