=LDR  00000nam a2200000Ia 45e0
=008  241106s9999\\\\xx\\\\\\\\\\\\000\0\und\d
=100  \\$aAparici,  Janice Mae G.
=245  \0$aEffects of Golden Apple Snails and Trash Fishes as Feeds for Blue Swimming Crabs  (Portunus Pelagicus)
=245  \0$bby Janice Mae G. Aparici, Romnick A. Gulle and Josephine O. Piloton
=260  \\$aCogtong, Candijay
=260  \\$bBISU-Candijay
=260  \\$c2016
=300  \\$avi, 26 leaves
=700  \\1$aGulle, Romnick A.
=700  \\1$aPiloton, Josephine O.
=852  \\$aBISU Candijay - Cogtong, Candijay
=876  \\$aBISU-CC-000099
=876  \\$bBISUCAN-T-2023000127
=876  \\$hFor room use only
=876  \\$jInventoried
=876  \\$tCopy 1

