=LDR  00000nam a2200000Ia 45e0
=008  241106s9999\\\\xx\\\\\\\\\\\\000\0\und\d
=100  \\$aBusilac,  Sarah Kane O.
=245  \0$aEffects of Sesuvium Portulacastrum with Rice Brain and Trash Fish as Feed for Tilapia
=245  \0$bby Sarah Kane O. Busilac and Mary Joy A. Virtudazo
=260  \\$aCogtong, Candijay
=260  \\$bBISU-Candijay
=260  \\$c2016
=300  \\$avii, 27 leaves
=700  \\1$aVirtudazo, Mary Joy A.
=852  \\$aBISU Candijay - Cogtong, Candijay
=876  \\$aBISU-CC-000100
=876  \\$bBISUCAN-T-2023000129
=876  \\$hFor room use only
=876  \\$jInventoried
=876  \\$tCopy 1

