=LDR  00000nam a2200000Ia 45e0
=008  241106s9999\\\\xx\\\\\\\\\\\\000\0\und\d
=100  \\$aHinayon,  Albert M. 
=245  \0$aEffects of Size Sorting on Growth Performance of barhead Spinefoot Siganus Virgatus
=245  \0$bby Albert M. Hinayon and alma L. Galve
=260  \\$aCogtong, Candijay
=260  \\$bBISU-Candijay
=260  \\$c2017
=300  \\$avii, 26 leaves
=700  \\1$aGalve, Alma L.
=852  \\$aBISU Candijay - Cogtong, Candijay
=876  \\$aBISU-CC-000101
=876  \\$bBISUCAN-T-2023000130
=876  \\$hFor room use only
=876  \\$jInventoried
=876  \\$tCopy 1

