=LDR  00000nam a2200000Ia 45e0
=008  241106s9999\\\\xx\\\\\\\\\\\\000\0\und\d
=100  \\$aButawan,  Manilyn A.
=245  \0$aEffects of Water Depth on the Density of Oyster Recruitment Using Coconut Shell as Collector in Pier II and Catiil Cogtong Bay, Bohol, Philippines
=245  \0$bby Manilyn A. Butawan, Pedrita A. Caballero and Marisol R. Geraldo
=260  \\$aCogtong, Candijay
=260  \\$bBISU-Candijay
=260  \\$c2008
=300  \\$aviii, 21 leaves
=700  \\1$aCaballero, Pedrita A.
=700  \\1$aGeraldo, Marisol R.
=852  \\$aBISU Candijay - Cogtong, Candijay
=876  \\$aBISU-CC-000102
=876  \\$bBISUCAN-T-2023000131
=876  \\$hFor room use only
=876  \\$jInventoried
=876  \\$tCopy 1

