=LDR  00000nam a2200000Ia 45e0
=008  241106s9999\\\\xx\\\\\\\\\\\\000\0\und\d
=100  \\$aCasimsiman,  Karen L.
=245  \0$aEffects of Well-Managed Marine Protected Areas on the Livelihood of the Fishermen in Anda, Bohol
=245  \0$bby Karen L. Casimsiman, Mary Grace L. Saludares and Joseph Bucio
=260  \\$aCogtong, Candijay
=260  \\$bBISU-Candijay
=260  \\$c2020
=300  \\$avii, 31 leaves
=700  \\1$aBucio, Joseph
=700  \\1$aSaludares, Mary Grace L.
=852  \\$aBISU Candijay - Cogtong, Candijay
=876  \\$aBISU-CC-000103
=876  \\$bBISUCAN-T-2023000132
=876  \\$hFor room use only
=876  \\$jInventoried
=876  \\$tCopy 1

