=LDR  00000nam a2200000Ia 45e0
=008  241106s9999\\\\xx\\\\\\\\\\\\000\0\und\d
=100  \\$aAlingasa, Kristell Maye A. 
=245  \0$aEmbryology and Effect of Photoperiod on the Maturation of Sargassum Crassifolium Receptacles In-Vitro
=245  \0$bby Kristell Maye A. Alingasa, Ma. Jelyn B. Olavides and Jasmin Pedrosa
=260  \\$aCogtong, Candijay
=260  \\$bBISU-Candijay
=260  \\$c2018
=300  \\$aviii, 22 leaves
=700  \\1$aOlavides, Ma. Jelyn B.
=700  \\1$aPedrosa, Jasmin
=852  \\$aBISU Candijay - Cogtong, Candijay
=876  \\$aBISU-CC-000104
=876  \\$bBISUCAN-T-2023000135
=876  \\$hFor room use only
=876  \\$jInventoried
=876  \\$tCopy 1

