=LDR  00000nam a2200000Ia 45e0
=008  241106s9999\\\\xx\\\\\\\\\\\\000\0\und\d
=100  \\$aSeptimo,  Junfelmar A.
=245  \0$aFattening of Mud Crab (Scylla Serrata) using plastic container and circular pen
=245  \0$bby Junfelmar A. Septimo, Jhun Rey C. Amper and Michelle G. Berongoy
=260  \\$aCogtong, Candijay
=260  \\$bBISU-Candijay
=260  \\$c2019
=300  \\$avii, 27 leaves
=700  \\1$a Amper, Jhun Rey C
=700  \\1$aBerongoy, Michelle G.
=852  \\$aBISU Candijay - Cogtong, Candijay
=876  \\$aBISU-CC-000105
=876  \\$bBISUCAN-T-2023000136
=876  \\$hFor room use only
=876  \\$jInventoried
=876  \\$tCopy 1

