=LDR  00000nam a2200000Ia 45e0
=008  241106s9999\\\\xx\\\\\\\\\\\\000\0\und\d
=100  \\$aAñura,  Ramon G.
=245  \0$aFish Corral Fishery Dynamics in Cogtong Bay
=245  \0$bby Ramon G. Añura, Ronnel O. Bersano and Judith B. Vallespin
=260  \\$aCogtong, Candijay
=260  \\$bBISU-Candijay
=260  \\$c2014
=300  \\$aix, 41 leaves
=700  \\1$aBersano, Ronnel O.
=700  \\1$aVallespin, Judith B.
=852  \\$aBISU Candijay - Cogtong, Candijay
=876  \\$aBISU-CC-000106
=876  \\$bBISUCAN-T-2023000137
=876  \\$hFor room use only
=876  \\$jInventoried
=876  \\$tCopy 1

