=LDR  00000nam a2200000Ia 45e0
=008  241106s9999\\\\xx\\\\\\\\\\\\000\0\und\d
=100  \\$aBernales,  Maria Sheila Shahani V.
=245  \0$aFishery Monitoring of Seashells in Cogtong Bay: It's Implication to Fishery Management
=245  \0$bby Maria Sheila Shahani V. Bernales, Marietta T. Seroje, Mary Ann O. Dinoy and Ronald O. Piloton
=260  \\$aCogtong, Candijay
=260  \\$bBISU-Candijay
=260  \\$c2007
=300  \\$aix, 18 leaves
=700  \\1$aDinoy, Mary Ann O.
=700  \\1$aPiloton, Ronald O.
=700  \\1$aSeroje, Marietta T.
=852  \\$aBISU Candijay - Cogtong, Candijay
=876  \\$aBISU-CC-000107
=876  \\$bBISUCAN-T-2023000138
=876  \\$hFor room use only
=876  \\$jInventoried
=876  \\$tCopy 1

