=LDR  00000nam a2200000Ia 45e0
=008  241106s9999\\\\xx\\\\\\\\\\\\000\0\und\d
=100  \\$aCariman,  Flora Mae B.
=245  \0$aFishery Valuation and Exploitation of Blue Swimming Crab (Portunus Pelagicus) Along the Coast of Ubay, Bohol, Philippines
=245  \0$bby Flora Mae B. Cariman, Floremie G. Amora and Adrian D. Gudilos
=260  \\$aCogtong, Candijay
=260  \\$bBISU-Candijay
=260  \\$c2008
=300  \\$aviii, 28 leaves
=700  \\1$aAmora, Floremie G.
=700  \\1$aGudilos, Adrian D.
=852  \\$aBISU Candijay - Cogtong, Candijay
=876  \\$aBISU-CC-000108
=876  \\$bBISUCAN-T-2023000139
=876  \\$hFor room use only
=876  \\$jInventoried
=876  \\$tCopy 1

