=LDR  00000nam a2200000Ia 45e0
=008  241106s9999\\\\xx\\\\\\\\\\\\000\0\und\d
=100  \\$aAnud,  Floreneth M.
=245  \0$aGrowth and Survival of Milkfish Fry in Bitinan Fed with Ipil-Ipil Leaves, Breadcrumbs, and Rice Bran in Cogtong Bay
=245  \0$bby Floreneth M. Anud, Gerardo L. Lacbayen Jr. and Maricel D. Makidato
=260  \\$aCogtong, Candijay
=260  \\$bBISU-Candijay
=260  \\$c2006
=300  \\$axvi, 32 leaves
=700  \\1$aLacbayen Jr., Gerardo L.
=700  \\1$aMakidato, Maricel D.
=852  \\$aBISU Candijay - Cogtong, Candijay
=876  \\$aBISU-CC-000109
=876  \\$bBISUCAN-T-2023000140
=876  \\$hFor room use only
=876  \\$jInventoried
=876  \\$tCopy 1

