=LDR  00000nam a2200000Ia 45e0
=008  241106s9999\\\\xx\\\\\\\\\\\\000\0\und\d
=100  \\$aNituda,  Jimboy E.
=245  \0$aGrowth and Survival of Sea Urchin (Tripneustes Gratilla) Cultured in Net Cage at Kawasihan Island, Cogtong, Candijay, Bohol
=245  \0$bby Jimboy E. Nituda and Rañoa, Rudylino J.
=260  \\$aCogtong, Candijay
=260  \\$bBISU-Candijay
=260  \\$c2011
=300  \\$ax, 24 leaves
=700  \\1$aRañoa, Rudylino J.
=852  \\$aBISU Candijay - Cogtong, Candijay
=876  \\$aBISU-CC-000110
=876  \\$bBISUCAN-T-2023000141
=876  \\$hFor room use only
=876  \\$jInventoried
=876  \\$tCopy 1

