=LDR  00000nam a2200000Ia 45e0
=008  241106s9999\\\\xx\\\\\\\\\\\\000\0\und\d
=100  \\$aGalvadores,  Juliet M.
=245  \0$aGrowth and Survival of Solanum Lycopersicum and Oreochromis Niloticus in Aquaponic System
=245  \0$bby Juliet M. Galvadores, Van Danell C. Hora and Marisol C. Bayron
=260  \\$aCogtong, Candijay
=260  \\$bBISU-Candijay
=260  \\$c2017
=300  \\$aviii, 30 leaves
=700  \\1$aBayron, Marisol C.
=700  \\1$aHora, Van Danell C.
=852  \\$aBISU Candijay - Cogtong, Candijay
=876  \\$aBISU-CC-000111
=876  \\$bBISUCAN-T-2023000142
=876  \\$hFor room use only
=876  \\$jInventoried
=876  \\$tCopy 1

