=LDR  00000nam a2200000Ia 45e0
=008  241106s9999\\\\xx\\\\\\\\\\\\000\0\und\d
=100  \\$aTadena,  Jesven G.
=245  \0$aGrowth and Survival of Spotted Scat (Scatophagus Argus) in Fish Cage Fed with Enteromorpha Intestinales and Acetes Spp.
=245  \0$bby Jesven G. Tadena and Rina Mae O. Ceniza
=260  \\$aCogtong, Candijay
=260  \\$bBISU-Candijay
=260  \\$c2017
=300  \\$aviii, 34 leaves
=700  \\1$aCeniza, Rina Mae O.
=852  \\$aBISU Candijay - Cogtong, Candijay
=876  \\$aBISU-CC-000112
=876  \\$bBISUCAN-T-2023000143
=876  \\$hFor room use only
=876  \\$jInventoried
=876  \\$tCopy 1

