=LDR  00000nam a2200000Ia 45e0
=008  241106s9999\\\\xx\\\\\\\\\\\\000\0\und\d
=100  \\$aAyag,  Marjonh D.
=245  \0$aGrowth and Survival Rate of Kapis Placuna Placenta in Three Different Substrates in Cogtong Bay, Candijay, Bohol
=245  \0$bby Marjonh D. Ayag and Iris A. Loterte
=260  \\$aCogtong, Candijay
=260  \\$bBISU-Candijay
=260  \\$c2016
=300  \\$avi, 22 leaves
=700  \\1$aLoterte, Iris A.
=852  \\$aBISU Candijay - Cogtong, Candijay
=876  \\$aBISU-CC-000113
=876  \\$bBISUCAN-T-2023000144
=876  \\$hFor room use only
=876  \\$jInventoried
=876  \\$tCopy 1

