=LDR  00000nam a2200000Ia 45e0
=008  241106s9999\\\\xx\\\\\\\\\\\\000\0\und\d
=100  \\$aTagsip,  Rechell N.
=245  \0$aGrowth and Survival Rate of Mangrove Clam (Anodontia Edentula) in Cages
=245  \0$bby Rechell N. Tagsip, Michelle G. Galope and April Mae G. Deloso
=260  \\$aCogtong, Candijay
=260  \\$bBISU-Candijay
=260  \\$c2018
=300  \\$aviii, 31 leaves
=700  \\1$aDeloso, April Mae G.
=700  \\1$aGalope, Michelle G.
=852  \\$aBISU Candijay - Cogtong, Candijay
=876  \\$aBISU-CC-000114
=876  \\$bBISUCAN-T-2023000209
=876  \\$hFor room use only
=876  \\$jInventoried
=876  \\$tCopy 1

