=LDR  00000nam a2200000Ia 45e0
=008  241106s9999\\\\xx\\\\\\\\\\\\000\0\und\d
=100  \\$aAmpo,  Joan A.
=245  \0$aGrowth and Survival Rate of Sea Urchin (Tripneustes Gratilla) Fed with Sargassum Polycystum Eucheuma Cottonii and Caulerpa Lentillifera
=245  \0$bby Joan A. Ampo, Lucille L. Colaste and Leonit V. Amora
=260  \\$aCogtong, Candijay
=260  \\$bBISU-Candijay
=260  \\$c2010
=300  \\$aviii, 33 leaves
=700  \\1$aAmora, Leonit V.
=700  \\1$aColaste, Lucille L.
=852  \\$aBISU Candijay - Cogtong, Candijay
=876  \\$aBISU-CC-000115
=876  \\$bBISUCAN-T-2023000145
=876  \\$hFor room use only
=876  \\$jInventoried
=876  \\$tCopy 1

