=LDR  00000nam a2200000Ia 45e0
=008  241106s9999\\\\xx\\\\\\\\\\\\000\0\und\d
=100  \\$aMausisa,  Ma. Sheila B.
=245  \0$aGrowth and Survival Rates of Pacific-White Shrimp (Litopenaeus Vannamei) in Brakish Water Fed with Commercial Feeds and Fish-Internal Organs
=245  \0$bby Ma. Sheila B. Mausisa, Irish P. Hamo and Divina B. Sanchez
=260  \\$aCogtong, Candijay
=260  \\$bBISU-Candijay
=260  \\$c2019
=300  \\$aviii, 27 leaves
=700  \\1$aHamo, Irish P.
=700  \\1$aSanchez, Divina B
=852  \\$aBISU Candijay - Cogtong, Candijay
=876  \\$aBISU-CC-000116
=876  \\$bBISUCAN-T-2023000146
=876  \\$hFor room use only
=876  \\$jInventoried
=876  \\$tCopy 1

