=LDR  00000nam a2200000Ia 45e0
=008  241106s9999\\\\xx\\\\\\\\\\\\000\0\und\d
=100  \\$aOlandria,  Virgo L.
=245  \0$aGrowth of Caulerpa Lentillifera in Brackishwater Pond of Different Densities
=245  \0$bby Virgo L. Olandria, Cristy N. Cagoco, Denmark P. Bernat and Jogn Rey D. Vallente
=260  \\$aCogtong, Candijay
=260  \\$bBISU-Candijay
=260  \\$c2020
=300  \\$aviii, 27 leaves
=700  \\1$aBernat, Denmark P.
=700  \\1$aCagoco, Cristy N.
=700  \\1$aVallente, Jogn Rey D.
=852  \\$aBISU Candijay - Cogtong, Candijay
=876  \\$aBISU-CC-000117
=876  \\$bBISUCAN-T-2023000210
=876  \\$hFor room use only
=876  \\$jInventoried
=876  \\$tCopy 1

