=LDR  00000nam a2200000Ia 45e0
=008  241106s9999\\\\xx\\\\\\\\\\\\000\0\und\d
=100  \\$aDel Valle,  Fermin
=245  \0$aGrowth of Scylla Serrata Fed with Trashfish in Three Types of Cages in Mangrove Intertidal Pool
=245  \0$bby Fermin Del Valle and Anna Joy B. Simbajon
=260  \\$aCogtong, Candijay
=260  \\$bBISU-Candijay
=260  \\$c2017
=300  \\$avi, 25 leaves
=700  \\1$aSimbajon, Anna Joy B.
=852  \\$aBISU Candijay - Cogtong, Candijay
=876  \\$aBISU-CC-000118
=876  \\$bBISUCAN-T-2023000147
=876  \\$hFor room use only
=876  \\$jInventoried
=876  \\$tCopy 1

