=LDR  00000nam a2200000Ia 45e0
=008  241106s9999\\\\xx\\\\\\\\\\\\000\0\und\d
=100  \\$aMortel,  Ivonne D.
=245  \0$aGrowth Performance of Caulerpa Lentillifera Using Tray Method in Colanggaman Islet
=245  \0$bby Ivonne D. Mortel and Maria Christine S. Piquero
=260  \\$aCogtong, Candijay
=260  \\$bBISU-Candijay
=260  \\$c2015
=300  \\$avii, 36 leaves
=700  \\1$aPiquero, Maria Christine S.
=852  \\$aBISU Candijay - Cogtong, Candijay
=876  \\$aBISU-CC-000119
=876  \\$bBISUCAN-T-2023000148
=876  \\$hFor room use only
=876  \\$jInventoried
=876  \\$tCopy 1

