=LDR  00000nam a2200000Ia 45e0
=008  241106s9999\\\\xx\\\\\\\\\\\\000\0\und\d
=100  \\$aCuran,  Lenida B.
=245  \0$aGrowth Performance of Milkfish Chanos Chanos Fed with Self-Formulated Feeds
=245  \0$bby Lenida B. Curan and Ramlyn C Lagare
=260  \\$aCogtong, Candijay
=260  \\$bBISU-Candijay
=260  \\$c2016
=300  \\$aviii, 37 leaves
=700  \\1$aLagare, Ramlyn C.
=852  \\$aBISU Candijay - Cogtong, Candijay
=876  \\$aBISU-CC-000120
=876  \\$bBISUCAN-T-2023000149
=876  \\$hFor room use only
=876  \\$jInventoried
=876  \\$tCopy 1

