=LDR  00000nam a2200000Ia 45e0
=008  241106s9999\\\\xx\\\\\\\\\\\\000\0\und\d
=100  \\$aLadera,  Jessica Joy S.
=245  \0$aGrowth Rate Comparison of Kappaphycus Striatum in Three Different Water Levels in Panas, Candijay, Bohol
=245  \0$bby Jessica Joy S. Ladera, Jude A. Dagohoy, Aquilino C. Amoto Jr. 
=260  \\$aCogtong, Candijay
=260  \\$bBISU-Candijay
=260  \\$c2013
=300  \\$avii, 30 leaves
=700  \\1$aAmoto Jr., Aquilino C. 
=700  \\1$aDagohoy, Jude A.
=852  \\$aBISU Candijay - Cogtong, Candijay
=876  \\$aBISU-CC-000121
=876  \\$bBISUCAN-T-2023000150
=876  \\$hFor room use only
=876  \\$jInventoried
=876  \\$tCopy 1

