=LDR  00000nam a2200000Ia 45e0
=008  241106s9999\\\\xx\\\\\\\\\\\\000\0\und\d
=100  \\$aBaja,  Dohnmar E.
=245  \0$aGrowth Rate of Kappaphycus Striatum Using raft Long-Line Method in Two Water Levels in Panas, Candijay, Bohol
=245  \0$bby Dohnmar E. baja, Libeth M. Raut and Vincent T. Ho
=260  \\$aCogtong, Candijay
=260  \\$bBISU-Candijay
=260  \\$c2014
=300  \\$avi, 25 leaves
=700  \\1$aDagohoy, Vincent T. Ho
=700  \\1$aRaut, Libeth M.
=852  \\$aBISU Candijay - Cogtong, Candijay
=876  \\$aBISU-CC-000122
=876  \\$bBISUCAN-T-2023000152
=876  \\$hFor room use only
=876  \\$jInventoried
=876  \\$tCopy 1

