=LDR  00000nam a2200000Ia 45e0
=008  241106s9999\\\\xx\\\\\\\\\\\\000\0\und\d
=100  \\$aAgbay,  Elizabeth L.
=245  \0$aGrowth Rate of Seaweeds Kappaphycus Striatum Between Laboratory Outplant and Non-Laboratory Outplant Culture/ 
=245  \0$bby Elizabeth L. Agbay, Mary Jane O. Janer and Jindy N. Deloso
=260  \\$aCogtong, Candijay
=260  \\$bBISU-Candijay
=260  \\$c2016
=300  \\$avii, 25 leaves
=700  \\1$aDeloso, Jindy N.
=700  \\1$aJaner, Mary Jane O.
=852  \\$aBISU Candijay - Cogtong, Candijay
=876  \\$aBISU-CC-000123
=876  \\$bBISUCAN-T-2023000151
=876  \\$hFor room use only
=876  \\$jInventoried
=876  \\$tCopy 1

