=LDR  00000nam a2200000Ia 45e0
=008  241106s9999\\\\xx\\\\\\\\\\\\000\0\und\d
=100  \\$aGesultura,  Rhio Marie
=245  \0$aImpact of Agricultural Wastes to the Freshwater Fisheries in Carood Watershed
=245  \0$bby Rhio Marie Gesultura and Geraldine M. Curay
=260  \\$aCogtong, Candijay
=260  \\$bBISU-Candijay
=260  \\$c2014
=300  \\$aviii, 52 leaves
=700  \\1$aCuray, Geraldine M.
=852  \\$aBISU Candijay - Cogtong, Candijay
=876  \\$aBISU-CC-000124
=876  \\$bBISUCAN-T-2023000153
=876  \\$hFor room use only
=876  \\$jInventoried
=876  \\$tCopy 1

