=LDR  00000nam a2200000Ia 45e0
=008  241106s9999\\\\xx\\\\\\\\\\\\000\0\und\d
=100  \\$aAyag,  Miriam  S.
=245  \0$aLevel of awareness on environmental effects of plastic straw used in Eucheuma farming
=245  \0$bby Miriam  S. Ayag, Christine S. Oediz anmd Pritee Jane B. Pizaña
=260  \\$aCogtong, Candijay
=260  \\$bBISU-Candijay
=260  \\$c2017
=300  \\$aviii, 35 leaves
=700  \\1$aOediz, Christine S.
=700  \\1$aPizaña, Pritee Jane B.
=852  \\$aBISU Candijay - Cogtong, Candijay
=876  \\$aBISU-CC-000125
=876  \\$bBISUCAN-T-2023000154
=876  \\$hFor room use only
=876  \\$jInventoried
=876  \\$tCopy 1

