=LDR  00000nam a2200000Ia 45e0
=008  241106s9999\\\\xx\\\\\\\\\\\\000\0\und\d
=100  \\$aDavid Jr.,  Obet O.
=245  \0$aMilkfish Fingerlings Production in Floating Nursery Cage Fed with Different Diets/ 
=245  \0$bby Obet O. David Jr., Geraldine M. Piloton and Francisco D. Eroisa Jr. 
=260  \\$aCogtong, Candijay
=260  \\$bBISU-Candijay
=260  \\$c2020
=300  \\$aix, 42 leaves
=700  \\1$aEroisa Jr., Francisco D.
=700  \\1$aPiloton, Geraldine M.
=852  \\$aBISU Candijay - Cogtong, Candijay
=876  \\$aBISU-CC-000126
=876  \\$bBISUCAN-T-2023000155
=876  \\$hFor room use only
=876  \\$jInventoried
=876  \\$tCopy 1

