=LDR  00000nam a2200000Ia 45e0
=008  241106s9999\\\\xx\\\\\\\\\\\\000\0\und\d
=100  \\$aAbueva,  Albert E.
=245  \0$aModified Fishpot Operated in the Vicinity of Lumislis Island Cogtong Bay, Bohol, Philippines
=245  \0$bby Albert E. Abueva, Arnel M. Bernales and Emeliano D. Gultia II
=260  \\$aCogtong, Candijay
=260  \\$bBISU-Candijay
=260  \\$c2008
=300  \\$aix, 29 leaves
=700  \\1$aBernales, Arnel M.
=700  \\1$aGultia II, Emeliano D.
=852  \\$aBISU Candijay - Cogtong, Candijay
=876  \\$aBISU-CC-000127
=876  \\$bBISUCAN-T-2023000156
=876  \\$hFor room use only
=876  \\$jInventoried
=876  \\$tCopy 1

