=LDR  00000nam a2200000Ia 45e0
=008  241106s9999\\\\xx\\\\\\\\\\\\000\0\und\d
=100  \\$aDuetes,  Rose O.
=245  \0$aOperation of Commercial Fishing Boat Landing in Loay, Bohol Fishport
=245  \0$bby Rose O. Duetes and Joseph B. Clapano
=260  \\$aCogtong, Candijay
=260  \\$bBISU-Candijay
=260  \\$c2014
=300  \\$aviii, 36 leaves
=700  \\1$aClapano, Joseph B.
=852  \\$aBISU Candijay - Cogtong, Candijay
=876  \\$aBISU-CC-000128
=876  \\$bBISUCAN-T-2023000157
=876  \\$hFor room use only
=876  \\$jInventoried
=876  \\$tCopy 1

