=LDR  00000nam a2200000Ia 45e0
=008  241106s9999\\\\xx\\\\\\\\\\\\000\0\und\d
=100  \\$aGunayan,  Diana L.
=245  \0$aPerceived  impact of Euchuema farming in Pangpang Panas, Candijay
=245  \0$bby Diana L. Gunayan, Mary Ann B. Ladaran and Jinky P. Ebarola
=260  \\$aCogtong, Candijay
=260  \\$bBISU-Candijay
=260  \\$c2018
=300  \\$aix, 44 leaves
=700  \\1$aEbarola, Jinky P.
=700  \\1$aLadaran, Mary Ann B.
=852  \\$aBISU Candijay - Cogtong, Candijay
=876  \\$aBISU-CC-000129
=876  \\$bBISUCAN-T-2023000160
=876  \\$hFor room use only
=876  \\$jInventoried
=876  \\$tCopy 1

