=LDR  00000nam a2200000Ia 45e0
=008  241106s9999\\\\xx\\\\\\\\\\\\000\0\und\d
=100  \\$aGarcia, Rina B.
=245  \0$aPerceived Benefits Risks and Challenges of Manta Ray Fishing in Jagna. Bohol
=245  \0$bby Rina B. Garcia, Alanis G. Salas and Lalaine M. Mantahinay
=260  \\$aCogtong, Candijay
=260  \\$bBISU-Candijay
=260  \\$c2018
=300  \\$avii, 65 leaves
=700  \\1$aMantahinay, Lalaine M.
=700  \\1$aSalas, Alanis G.
=852  \\$aBISU Candijay - Cogtong, Candijay
=876  \\$aBISU-CC-000130
=876  \\$bBISUCAN-T-2023000158
=876  \\$hFor room use only
=876  \\$jInventoried
=876  \\$tCopy 1

