=LDR  00000nam a2200000Ia 45e0
=008  241106s9999\\\\xx\\\\\\\\\\\\000\0\und\d
=100  \\$aHinampas,  Nena I.
=245  \0$aPerceived causes of coastal resources degradation in Sandigan, Ubay, Bohol
=245  \0$bby Nena I. Hinampas, Carchelyn L. Auditor and Dario T. Cuyno Jr. 
=260  \\$aCogtong, Candijay
=260  \\$bBISU-Candijay
=260  \\$c2017
=300  \\$aix, 29 leaves
=700  \\1$aAuditor, Carchelyn L.
=700  \\1$aCuyno Jr., Dario T.
=852  \\$aBISU Candijay - Cogtong, Candijay
=876  \\$aBISU-CC-000131
=876  \\$bBISUCAN-T-2023000159
=876  \\$hFor room use only
=876  \\$jInventoried
=876  \\$tCopy 1

