=LDR  00000nam a2200000Ia 45e0
=008  241106s9999\\\\xx\\\\\\\\\\\\000\0\und\d
=100  \\$aDeligos,  Diane M.
=245  \0$aPerceived Impact of Seaweed Farming in the Coastal Communities of Ubay, Bohol, Philippines
=245  \0$bby Diane M. Deligos, Manilyn B. Simbajon and Nebebel  R. Zamora
=260  \\$aCogtong, Candijay
=260  \\$bBISU-Candijay
=260  \\$c2017
=300  \\$avi, 36 leaves
=700  \\1$aSimbajon, Manilyn B.
=700  \\1$aZamora, Nebebel  R.
=852  \\$aBISU Candijay - Cogtong, Candijay
=876  \\$aBISU-CC-000132
=876  \\$bBISUCAN-T-2023000161
=876  \\$hFor room use only
=876  \\$jInventoried
=876  \\$tCopy 1

