=LDR  00000nam a2200000Ia 45e0
=008  241106s9999\\\\xx\\\\\\\\\\\\000\0\und\d
=100  \\$aDaigan,  Jocelyn B.
=245  \0$aPerceived Impact of Spear Fishing with Aid of Compressor to the Socio-Economic and Health Condition of Fishes in Cuya and Tintinan Island, Ubay, Bohol
=245  \0$bby Jocelyn B. Daigan, Herbe Mae G. Ranque and Emigdio A. Renomeron, Jr.
=260  \\$aCogtong, Candijay
=260  \\$bBISU-Candijay
=260  \\$c2018
=300  \\$aviii, 37 leaves
=700  \\1$aRanque, Herbe Mae G.
=700  \\1$aRenomeron, Jr., Emigdio A
=852  \\$aBISU Candijay - Cogtong, Candijay
=876  \\$aBISU-CC-000133
=876  \\$bBISUCAN-T-2023000162
=876  \\$hFor room use only
=876  \\$jInventoried
=876  \\$tCopy 1

