=LDR  00000nam a2200000Ia 45e0
=008  241106s9999\\\\xx\\\\\\\\\\\\000\0\und\d
=100  \\$aGulle,  Daniel A.
=245  \0$aPerceived Socio-Economic and Environmental Impact of Bag Net Fishing (Tapay-Tapay) in Cogtong Bay, Philippines
=245  \0$bby Daniel A. Gulle, Jun Chester P. Zapanta and Abel T. Hinayon
=260  \\$aCogtong, Candijay
=260  \\$bBISU-Candijay
=260  \\$c2018
=300  \\$aix, 42 leaves
=700  \\1$aHinayon, Abel T.
=700  \\1$aZapanta, Jun Chester P.
=852  \\$aBISU Candijay - Cogtong, Candijay
=876  \\$aBISU-CC-000134
=876  \\$bBISUCAN-T-2023000163
=876  \\$hFor room use only
=876  \\$jInventoried
=876  \\$tCopy 1

