=LDR  00000nam a2200000Ia 45e0
=008  241106s9999\\\\xx\\\\\\\\\\\\000\0\und\d
=100  \\$aSalvante,  Maria Janette T.
=245  \0$aPerception of the Cogtong Community on the Mangrove Rehabilitation Project in Cogtong, Candijay, Bohol
=245  \0$bby Maria Janette T. Salvante, Jeanvie A. Hinaloc and Legine G. Balaba
=260  \\$aCogtong, Candijay
=260  \\$bBISU-Candijay
=260  \\$c2016
=300  \\$avii, 38 leaves
=700  \\1$aBalaba, Legine G.
=700  \\1$aHinaloc, Jeanvie A.
=852  \\$aBISU Candijay - Cogtong, Candijay
=876  \\$aBISU-CC-000135
=876  \\$bBISUCAN-T-2023000164
=876  \\$hFor room use only
=876  \\$jInventoried
=876  \\$tCopy 1

