=LDR  00000nam a2200000Ia 45e0
=008  241106s9999\\\\xx\\\\\\\\\\\\000\0\und\d
=100  \\$aGalupo,  Maria Marlyn
=245  \0$aPerception on the production method and socio-economic impact of Kappaphycus seaweed farming in Candijay and Bien Unido, Bohol
=245  \0$bby Maria Marlyn Galupo, Christine C. Curangcurang and Niño C. Rosal
=260  \\$aCogtong, Candijay
=260  \\$bBISU-Candijay
=260  \\$c2019
=300  \\$aviii, 36 leaves
=700  \\1$aCurangcurang, Christine C.
=700  \\1$aRosal, Niño C.
=852  \\$aBISU Candijay - Cogtong, Candijay
=876  \\$aBISU-CC-000136
=876  \\$bBISUCAN-T-2023000165
=876  \\$hFor room use only
=876  \\$jInventoried
=876  \\$tCopy 1

