=LDR  00000nam a2200000Ia 45e0
=008  241106s9999\\\\xx\\\\\\\\\\\\000\0\und\d
=100  \\$aPalami,  Feb Donald R.
=245  \0$aPerformance of Genetically Enhanced Tilapia Fed with Two Different Formulation
=245  \0$bby Feb Donald R. Palami, John Vincent P. Tadena and Ryan C. Leosala
=260  \\$aCogtong, Candijay
=260  \\$bBISU-Candijay
=260  \\$c2016
=300  \\$avii, 20 leaves
=700  \\1$aLeosala, Ryan C.
=700  \\1$aTadena, John Vincent P.
=852  \\$aBISU Candijay - Cogtong, Candijay
=876  \\$aBISU-CC-000137
=876  \\$bBISUCAN-T-2023000166
=876  \\$hFor room use only
=876  \\$jInventoried
=876  \\$tCopy 1

