=LDR  00000nam a2200000Ia 45e0
=008  241106s9999\\\\xx\\\\\\\\\\\\000\0\und\d
=100  \\$aCenabre,  Reyjie O. 
=245  \0$aPopulation Density and Sex Ratio od Snapping Shrimp of Three Intertidal Mangrove Areas ( Bawod Sapamingay, Popo) in Cogtong Bay Bohol
=245  \0$bby Reyjie O. Cenabre and Kent James D. Ampat
=260  \\$aCogtong, Candijay
=260  \\$bBISU-Candijay
=260  \\$c2013
=300  \\$avii, 21 leaves
=700  \\1$aAmpat, Kent James D.
=852  \\$aBISU Candijay - Cogtong, Candijay
=876  \\$aBISU-CC-000138
=876  \\$bBISUCAN-T-2023000167
=876  \\$hFor room use only
=876  \\$jInventoried
=876  \\$tCopy 1

