=LDR  00000nam a2200000Ia 45e0
=008  241106s9999\\\\xx\\\\\\\\\\\\000\0\und\d
=100  \\$aDeclaro,  Carlos Pastor
=245  \0$aPopulation Distribution of Hardshell Mud Clam (Callocardia Morrhuana Linsley) in Cogtong Bay
=245  \0$bby Carlos Pastor Declaro
=260  \\$aCogtong, Candijay
=260  \\$bBISU-Candijay
=260  \\$c1983
=300  \\$axi, 26 leaves
=852  \\$aBISU Candijay - Cogtong, Candijay
=876  \\$aBISU-CC-000139
=876  \\$bBISUCAN-T-2023000168
=876  \\$hFor room use only
=876  \\$jInventoried
=876  \\$tCopy 1

