=LDR  00000nam a2200000Ia 45e0
=008  241106s9999\\\\xx\\\\\\\\\\\\000\0\und\d
=100  \\$aFuentes,  Perlita S.
=245  \0$aPopulation Structure of Siganid Fishery at Cogtong Bay, Bohol
=245  \0$bby Perlita S. Fuentes, Gina D. Dismas and Minda B. Escol
=260  \\$aCogtong, Candijay
=260  \\$bBISU-Candijay
=260  \\$c2004
=300  \\$avii, 18 leaves
=700  \\1$aDismas, Gina D.
=700  \\1$aEscol, Minda B.
=852  \\$aBISU Candijay - Cogtong, Candijay
=876  \\$aBISU-CC-000140
=876  \\$bBISUCAN-T-2023000169
=876  \\$hFor room use only
=876  \\$jInventoried
=876  \\$tCopy 1

