=LDR  00000nam a2200000Ia 45e0
=008  241106s9999\\\\xx\\\\\\\\\\\\000\0\und\d
=100  \\$aJamero,  Jonathan B.
=245  \0$aProduction of Organic Matter of the Thre Common Mangrove Species
=245  \0$bby Jonathan B. Jamero and Christopher D. Gultia
=260  \\$aCogtong, Candijay
=260  \\$bBISU-Candijay
=260  \\$c2004
=300  \\$avi, 30 leaves
=700  \\1$aGultia, Christopher D.
=852  \\$aBISU Candijay - Cogtong, Candijay
=876  \\$aBISU-CC-000141
=876  \\$bBISUCAN-T-2023000170
=876  \\$hFor room use only
=876  \\$jInventoried
=876  \\$tCopy 1

