=LDR  00000nam a2200000Ia 45e0
=008  241106s9999\\\\xx\\\\\\\\\\\\000\0\und\d
=100  \\$aBetonio,  Rolly A.
=245  \0$aProfile and Culture Practices of Tilapia Farmers in Guindulman, Candijay and Mabini, Bohol
=245  \0$bby Rolly A. Betonio and Judy Mae M. Anud
=260  \\$aCogtong, Candijay
=260  \\$bBISU-Candijay
=260  \\$c2017
=300  \\$avi, 25 leaves
=700  \\1$aAnud, Judy Mae M.
=852  \\$aBISU Candijay - Cogtong, Candijay
=876  \\$aBISU-CC-000142
=876  \\$bBISUCAN-T-2023000171
=876  \\$hFor room use only
=876  \\$jInventoried
=876  \\$tCopy 1

