=LDR  00000nam a2200000Ia 45e0
=008  241106s9999\\\\xx\\\\\\\\\\\\000\0\und\d
=100  \\$aEstapia,  Katrina B.
=245  \0$aRearing Sea Cucumber Holothuria Pervica in Three Different Stocking Densities Under Two Feeding Regimes
=245  \0$bby Katrina B. Estapia, maribel S. Orain and Jinalyn A. Halina
=260  \\$aCogtong, Candijay
=260  \\$bBISU-Candijay
=260  \\$c2016
=300  \\$avi, 23 leaves
=700  \\1$aHalina, Jinalyn A.
=700  \\1$aOrain, Maribel S.
=852  \\$aBISU Candijay - Cogtong, Candijay
=876  \\$aBISU-CC-000143
=876  \\$bBISUCAN-T-2023000172
=876  \\$hFor room use only
=876  \\$jInventoried
=876  \\$tCopy 1

