=LDR  00000nam a2200000Ia 45e0
=008  241106s9999\\\\xx\\\\\\\\\\\\000\0\und\d
=100  \\$aHo,  Edgar T.
=245  \0$aRegeneration Rate of Ophiocoma Scolopendrina and Ophiocoma Erinaceus in Captivity
=245  \0$bby Edgar T. Ho and Ruben R. Muring
=260  \\$aCogtong, Candijay
=260  \\$bBISU-Candijay
=260  \\$c2017
=300  \\$av, 22 leaves
=700  \\1$aMuring, Ruben R.
=852  \\$aBISU Candijay - Cogtong, Candijay
=876  \\$aBISU-CC-000144
=876  \\$bBISUCAN-T-2023000173
=876  \\$hFor room use only
=876  \\$jInventoried
=876  \\$tCopy 1

