=LDR  00000nam a2200000Ia 45e0
=008  241106s9999\\\\xx\\\\\\\\\\\\000\0\und\d
=100  \\$aSalabe,  Donna Mae C.
=245  \0$aSalinity Tolerance of Freshwater Prawns Macrobrachium Rosenbergii (De Man, 1897)
=245  \0$bby Donna Mae C. Salabe, Jaime G. Curay and Regie B. Tutor
=260  \\$aCogtong, Candijay
=260  \\$bBISU-Candijay
=260  \\$c2014
=300  \\$av, 26 leaves
=700  \\1$aCuray, Jaime G.
=700  \\1$aTutor, Regie B.
=852  \\$aBISU Candijay - Cogtong, Candijay
=876  \\$aBISU-CC-000145
=876  \\$bBISUCAN-T-2023000174
=876  \\$hFor room use only
=876  \\$jInventoried
=876  \\$tCopy 1

