=LDR  00000nam a2200000Ia 45e0
=008  241106s9999\\\\xx\\\\\\\\\\\\000\0\und\d
=100  \\$aPugoy,  Geraldine P.
=245  \0$aSalting Oyster Meat with Ginger (Zingiber Officinale) as an Additive
=245  \0$bby Geraldine P. Pugoy and Jovani M. Bastida
=260  \\$aCogtong, Candijay
=260  \\$bBISU-Candijay
=260  \\$c2011
=300  \\$ax, 18 leaves
=700  \\1$aBastida, Jovani M.
=852  \\$aBISU Candijay - Cogtong, Candijay
=876  \\$aBISU-CC-000146
=876  \\$bBISUCAN-T-2023000175
=876  \\$hFor room use only
=876  \\$jInventoried
=876  \\$tCopy 1

