=LDR  00000nam a2200000Ia 45e0
=008  241106s9999\\\\xx\\\\\\\\\\\\000\0\und\d
=100  \\$aPiquero,  Erme G.
=245  \0$aSalting Oyster Meat with Kamias (Averrhoa Bilimbi) as an Additive
=245  \0$bby Erme G. Piquero and Luicris S. Lloren
=260  \\$aCogtong, Candijay
=260  \\$bBISU-Candijay
=260  \\$c2011
=300  \\$ax, 25 leaves
=700  \\1$aLloren, Luicris S.
=852  \\$aBISU Candijay - Cogtong, Candijay
=876  \\$aBISU-CC-000147
=876  \\$bBISUCAN-T-2023000176
=876  \\$hFor room use only
=876  \\$jInventoried
=876  \\$tCopy 1

