=LDR  00000nam a2200000Ia 45e0
=008  241106s9999\\\\xx\\\\\\\\\\\\000\0\und\d
=100  \\$aOlandria,  Argel Joseph L.
=245  \0$aSeagrass Macro-Benthic Invertebrate Associates in Colangaman Islet  Cogotng Bay, Bohol
=245  \0$bby Argel Joseph L. Olandria, Marychu N. Lompon and Joylyn J. Majolas
=260  \\$aCogtong, Candijay
=260  \\$bBISU-Candijay
=260  \\$c2014
=300  \\$avi, 26 leaves
=700  \\1$aLompon, Marychu N.
=700  \\1$aMajolas, Joylyn J.
=852  \\$aBISU Candijay - Cogtong, Candijay
=876  \\$aBISU-CC-000148
=876  \\$bBISUCAN-T-2023000178
=876  \\$hFor room use only
=876  \\$jInventoried
=876  \\$tCopy 1

