=LDR  00000nam a2200000Ia 45e0
=008  241106s9999\\\\xx\\\\\\\\\\\\000\0\und\d
=100  \\$aCaga,  Virgelia G.
=245  \0$aSeawater Catfish Culture in Net Cage Fed with Trash Fish, Crustaceans, and the Combination of the Two in Cogtong Bay
=245  \0$bby Virgelia G. Caga, Anerose A. Dotarot and Apolinar T. Gulle
=260  \\$aCogtong, Candijay
=260  \\$bBISU-Candijay
=260  \\$c2005
=300  \\$axi, 39 leaves
=700  \\1$aDotarot, Anerose A.
=700  \\1$aGulle, Apolinar T.
=852  \\$aBISU Candijay - Cogtong, Candijay
=876  \\$aBISU-CC-000149
=876  \\$bBISUCAN-T-2023000177
=876  \\$hFor room use only
=876  \\$jInventoried
=876  \\$tCopy 1

