=LDR  00000nam a2200000Ia 45e0
=008  241106s9999\\\\xx\\\\\\\\\\\\000\0\und\d
=100  \\$aMadali,  Jezel
=245  \0$aSeaweed (Eucheuma Cottonii) Jam with Different Levels of Peanut (Arachis Hypogaea) and Sugar
=245  \0$bby Jezel Madali, Pauline O. Ipan and April M. Bernales
=260  \\$aCogtong, Candijay
=260  \\$bBISU-Candijay
=260  \\$c2019
=300  \\$av, 41 leaves
=700  \\1$aBernales, April M.
=700  \\1$aIpan, Pauline O.
=852  \\$aBISU Candijay - Cogtong, Candijay
=876  \\$aBISU-CC-000150
=876  \\$bBISUCAN-T-2023000179
=876  \\$hFor room use only
=876  \\$jInventoried
=876  \\$tCopy 1

