=LDR  00000nam a2200000Ia 45e0
=008  241106s9999\\\\xx\\\\\\\\\\\\000\0\und\d
=100  \\$aSalamanca,  Ryan M.
=245  \0$aSeaweed Farming in the Municipality of Talibon, Bohol, Philippines Implication to Coastal Resource Management
=245  \0$bby Ryan M. Salamanca, Johngie B. Esquilla and Billy James Eco
=260  \\$aCogtong, Candijay
=260  \\$bBISU-Candijay
=260  \\$c2015
=300  \\$avi, 36 leaves
=700  \\1$aEco, Billy James
=700  \\1$aEsquilla, Johngie B.
=852  \\$aBISU Candijay - Cogtong, Candijay
=876  \\$aBISU-CC-000151
=876  \\$bBISUCAN-T-2023000180
=876  \\$hFor room use only
=876  \\$jInventoried
=876  \\$tCopy 1

