=LDR  00000nam a2200000Ia 45e0
=008  241106s9999\\\\xx\\\\\\\\\\\\000\0\und\d
=100  \\$aEstillore,  Lea
=245  \0$aSeaweeds Farming in Cogtong Bay and Its Economic Impact and Problems
=245  \0$bby Lea Estillore, Sheryl J. Dongog and Marven A. Ibanez
=260  \\$aCogtong, Candijay
=260  \\$bBISU-Candijay
=260  \\$c2017
=300  \\$aviii, 33 leaves
=700  \\1$aDongog, Sheryl J.
=700  \\1$aIbanez, Marven A.
=852  \\$aBISU Candijay - Cogtong, Candijay
=876  \\$aBISU-CC-000152
=876  \\$bBISUCAN-T-2023000181
=876  \\$hFor room use only
=876  \\$jInventoried
=876  \\$tCopy 1

