=LDR  00000nam a2200000Ia 45e0
=008  241106s9999\\\\xx\\\\\\\\\\\\000\0\und\d
=100  \\$aButil, John Steven T.
=245  \0$aSex Ratio and Spawning Efficiency of Sea Urchin Tripneustes Gratilla Induced with Potassium Chloride
=245  \0$bJohn Steven T. Butil and Domingo J. Oppus, Jr.
=260  \\$aCogtong, Candijay
=260  \\$bBISU-Candijay
=260  \\$c2016
=300  \\$avii, 37 leaves
=700  \\1$aOppus, Jr., Domingo J.
=852  \\$aBISU Candijay - Cogtong, Candijay
=876  \\$aBISU-CC-000153
=876  \\$bBISUCAN-T-2023000182
=876  \\$hFor room use only
=876  \\$jInventoried
=876  \\$tCopy 1

