=LDR  00000nam a2200000Ia 45e0
=008  241106s9999\\\\xx\\\\\\\\\\\\000\0\und\d
=100  \\$aMilana,  Peter Junry M.
=245  \0$aSocio-Economic and Environmental Impact of Seaweed Farming in Cogtong Bay
=245  \0$bby Peter Junry M. Milana, Dinha Lee M. Baja and John Ismael G. Dela Pena
=260  \\$aCogtong, Candijay
=260  \\$bBISU-Candijay
=260  \\$c2020
=300  \\$aix, 42 leaves
=700  \\1$aBaja, Dinha Lee M.
=700  \\1$aDela Pena, John Ismael G.
=852  \\$aBISU Candijay - Cogtong, Candijay
=876  \\$aBISU-CC-000154
=876  \\$bBISUCAN-T-2023000183
=876  \\$hFor room use only
=876  \\$jInventoried
=876  \\$tCopy 1

