=LDR  00000nam a2200000Ia 45e0
=008  241106s9999\\\\xx\\\\\\\\\\\\000\0\und\d
=100  \\$aPiloton,  Roy P.
=245  \0$aSoil Analysis of the brackishwater Fishpond of Mr. Antonio Garcia in San Agustin, Talibon, Bohol
=245  \0$bby Roy P. Piloton
=260  \\$aCogtong, Candijay
=260  \\$bBISU-Candijay
=260  \\$c1988
=300  \\$ax, 48 leaves
=852  \\$aBISU Candijay - Cogtong, Candijay
=876  \\$aBISU-CC-000155
=876  \\$bBISUCAN-T-2023000185
=876  \\$hFor room use only
=876  \\$jInventoried
=876  \\$tCopy 1

