=LDR  00000nam a2200000Ia 45e0
=008  241106s9999\\\\xx\\\\\\\\\\\\000\0\und\d
=100  \\$aGulle,  Glenda R.
=245  \0$aSoil Analysis of the Brackishwater Fishpond of Mrs. Cleopatra O. Gulle in San Rafael, Cabulao, Mabini, Bohol
=245  \0$bby Glenda R. Gulle
=260  \\$aCogtong, Candijay
=260  \\$bBISU-Candijay
=260  \\$c1993
=300  \\$axii, 40 leaves
=852  \\$aBISU Candijay - Cogtong, Candijay
=876  \\$aBISU-CC-000156
=876  \\$bBISUCAN-T-2023000184
=876  \\$hFor room use only
=876  \\$jInventoried
=876  \\$tCopy 1

