=LDR  00000nam a2200000Ia 45e0
=008  241106s9999\\\\xx\\\\\\\\\\\\000\0\und\d
=100  \\$aHinautan Jr.,  Jacinto B.
=245  \0$aSpecies Composition and Abundance of Fish in Puntod Daku Marine Santuary Concepcion, Mabini, Bohol
=245  \0$bby Jacinto B. Hinautan Jr. and Ricky B. Hinautan
=260  \\$aCogtong, Candijay
=260  \\$bBISU-Candijay
=260  \\$c2015
=300  \\$avii, 24 leaves
=700  \\1$aHinautan, Ricky B.
=852  \\$aBISU Candijay - Cogtong, Candijay
=876  \\$aBISU-CC-000157
=876  \\$bBISUCAN-T-2023000186
=876  \\$hFor room use only
=876  \\$jInventoried
=876  \\$tCopy 1

