=LDR  00000nam a2200000Ia 45e0
=008  241106s9999\\\\xx\\\\\\\\\\\\000\0\und\d
=100  \\$aPlatino,  Jayson C.
=245  \0$aSpecies Composition and Catch Per Unit Effort (CPUE) of Fresh Water Prawn (Macrobrachium spp) in Mabini and Candijay, Bohol
=245  \0$bby Jayson C. Platino, Sofronio O. Gook, John Mark R. Pegalan and Reynaldo P. Burato 
=260  \\$aCogtong, Candijay
=260  \\$bBISU-Candijay
=260  \\$c2020
=300  \\$aviii, 34 leaves
=700  \\1$aBurato, Reynaldo P.
=700  \\1$aGook, Sofronio O.
=700  \\1$aPegalan, John Mark R.
=852  \\$aBISU Candijay - Cogtong, Candijay
=876  \\$aBISU-CC-000158
=876  \\$bBISUCAN-T-2023000187
=876  \\$hFor room use only
=876  \\$jInventoried
=876  \\$tCopy 1

