=LDR  00000nam a2200000Ia 45e0
=008  241106s9999\\\\xx\\\\\\\\\\\\000\0\und\d
=100  \\$aAtuel,  Lucia V.
=245  \0$aSpecies Composition and Percent Cover of Seagrasses in Colangaman Islet, Cogtong Bay, Candijay, Bohol
=245  \0$bby Lucia V. Atuel and Maria Lourdes M. Seroy
=260  \\$aCogtong, Candijay
=260  \\$bBISU-Candijay
=260  \\$c2014
=300  \\$avi, 27 leaves
=700  \\1$aSeroy, Maria Lourdes M.
=852  \\$aBISU Candijay - Cogtong, Candijay
=876  \\$aBISU-CC-000159
=876  \\$bBISUCAN-T-2023000188
=876  \\$hFor room use only
=876  \\$jInventoried
=876  \\$tCopy 1

