=LDR  00000nam a2200000Ia 45e0
=008  241106s9999\\\\xx\\\\\\\\\\\\000\0\und\d
=100  \\$aGalos,  Gary G.
=245  \0$aSpecies Composition and Relative Abundance of Sea Urchins in Anda Bohol
=245  \0$bby Gary G. Galos, Lorenzo D. Garcia and Mat Ranillo A. Anabieza
=260  \\$aCogtong, Candijay
=260  \\$bBISU-Candijay
=260  \\$c2017
=300  \\$avi, 31 leaves
=700  \\1$aLorenzo D. Garcia
=700  \\1$aMat Ranillo A. Anabieza
=852  \\$aBISU Candijay - Cogtong, Candijay
=876  \\$aBISU-CC-000160
=876  \\$bBISUCAN-T-2023000189
=876  \\$hFor room use only
=876  \\$jInventoried
=876  \\$tCopy 1

