=LDR  00000nam a2200000Ia 45e0
=008  241106s9999\\\\xx\\\\\\\\\\\\000\0\und\d
=100  \\$aMabalatan,  Jaina L.
=245  \0$aSpecies Diversity and Abundance of Sea Urchin in Catiil and Tabangdio of Cogtong Bay, Bohol, Philippines
=245  \0$bby Jaina L. Mabalatan, Rhea Grace P. Corre and Aurora G. Tumampos
=260  \\$aCogtong, Candijay
=260  \\$bBISU-Candijay
=260  \\$c2015
=300  \\$avi, 27 leaves
=700  \\1$aCorre, Rhea Grace P.
=700  \\1$aTumampos, Aurora G.
=852  \\$aBISU Candijay - Cogtong, Candijay
=876  \\$aBISU-CC-000161
=876  \\$bBISUCAN-T-2023000190
=876  \\$hFor room use only
=876  \\$jInventoried
=876  \\$tCopy 1

