=LDR  00000nam a2200000Ia 45e0
=008  241106s9999\\\\xx\\\\\\\\\\\\000\0\und\d
=100  \\$aJosol,  Angel Mae G.
=245  \0$aSpecies diversity and relative abundance of Holothurians in Laya, Montana and San roque, Baclayon, Bohol
=245  \0$bby Angel Mae G. Josol, Rystte Kaye A. Alingasa and Rodillo III E. Hinaloc
=260  \\$aCogtong, Candijay
=260  \\$bBISU-Candijay
=260  \\$c2018
=300  \\$aviii, 34 leaves
=700  \\1$aAlingasa, Rystte Kaye A.
=700  \\1$aHinaloc III, Rodillo E.
=852  \\$aBISU Candijay - Cogtong, Candijay
=876  \\$aBISU-CC-000162
=876  \\$bBISUCAN-T-2023000191
=876  \\$hFor room use only
=876  \\$jInventoried
=876  \\$tCopy 1

