=LDR  00000nam a2200000Ia 45e0
=008  241106s9999\\\\xx\\\\\\\\\\\\000\0\und\d
=100  \\$aBughao,  Aisa B.
=245  \0$aSpecies Diversity and Relative Abundance of Marine Sponges in Colanggaman and Tabangdio Islets Cogotng Bay, Philippines
=245  \0$bby Aisa B. Bughao and Bersarie M. Garcia
=260  \\$aCogtong, Candijay
=260  \\$bBISU-Candijay
=260  \\$c2016
=300  \\$aviii, 27 leaves
=700  \\1$aGarcia, Bersarie M.
=852  \\$aBISU Candijay - Cogtong, Candijay
=876  \\$aBISU-CC-000163
=876  \\$bBISUCAN-T-2023000192
=876  \\$hFor room use only
=876  \\$jInventoried
=876  \\$tCopy 1

