=LDR  00000nam a2200000Ia 45e0
=008  241106s9999\\\\xx\\\\\\\\\\\\000\0\und\d
=100  \\$aPiculados,  Faith Marie B.
=245  \0$aStocking Density of Bloody Cockle (Anadara Granosa) Cultured in Brackishwater Pond
=245  \0$bby Faith Marie B. Piculados and Andrew F. Simo
=260  \\$aCogtong, Candijay
=260  \\$bBISU-Candijay
=260  \\$c2011
=300  \\$axi, 31 leaves
=700  \\1$aSimo, Andrew F.
=852  \\$aBISU Candijay - Cogtong, Candijay
=876  \\$aBISU-CC-000164
=876  \\$bBISUCAN-T-2023000193
=876  \\$hFor room use only
=876  \\$jInventoried
=876  \\$tCopy 1

