=LDR  00000nam a2200000Ia 45e0
=008  241106s9999\\\\xx\\\\\\\\\\\\000\0\und\d
=100  \\$aRanises,  Dalria Marie T.
=245  \0$aSubstrate Preference of Size, Population Density and Distribution Pattern of Diadema Setosum in Candabong, Anda, Bohol
=245  \0$bby Dalria Marie T. Ranises and Hilarion B. Renos
=260  \\$aCogtong, Candijay
=260  \\$bBISU-Candijay
=260  \\$c2013
=300  \\$av, 27 leaves
=700  \\1$aRenos, Hilarion B.
=852  \\$aBISU Candijay - Cogtong, Candijay
=876  \\$aBISU-CC-000165
=876  \\$bBISUCAN-T-2023000194
=876  \\$hFor room use only
=876  \\$jInventoried
=876  \\$tCopy 1

