=LDR  00000nam a2200000Ia 45e0
=008  241106s9999\\\\xx\\\\\\\\\\\\000\0\und\d
=100  \\$aTuyac,  Irene A.
=245  \0$aSubstrate Specificity on Hatchability Success of the Seahare (Aplysia sp.) Egg Mass
=245  \0$bby Irene A. Tuyac and Mineljay Bofel R. Piquero
=260  \\$aCogtong, Candijay
=260  \\$bBISU-Candijay
=260  \\$c2016
=300  \\$avii, 25 leaves
=700  \\1$aPiquero, Mineljay Bofel R.
=852  \\$aBISU Candijay - Cogtong, Candijay
=876  \\$aBISU-CC-000166
=876  \\$bBISUCAN-T-2023000195
=876  \\$hFor room use only
=876  \\$jInventoried
=876  \\$tCopy 1

