=LDR  00000nam a2200000Ia 45e0
=008  241106s9999\\\\xx\\\\\\\\\\\\000\0\und\d
=100  \\$aTutor,  Arnel D.
=245  \0$aSweet and Cheesy Salted Alamang: A Product Development
=245  \0$bby Arnel D. Tutor and Albert G. Casas
=260  \\$aCogtong, Candijay
=260  \\$bBISU-Candijay
=260  \\$c2013
=300  \\$av, 21 leaves
=700  \\1$aCasas, Albert G.
=852  \\$aBISU Candijay - Cogtong, Candijay
=876  \\$aBISU-CC-000167
=876  \\$bBISUCAN-T-2023000196
=876  \\$hFor room use only
=876  \\$jInventoried
=876  \\$tCopy 1

