=LDR  00000nam a2200000Ia 45e0
=008  241106s9999\\\\xx\\\\\\\\\\\\000\0\und\d
=100  \\$aCulaste,  Sedrick N.
=245  \0$aTesting of Feed Formulation on Tilapia and Freshwater Prawn
=245  \0$bby Sedrick N. Culaste, Leine-An B. Ladra and Jomar G. Naïve
=260  \\$aCogtong, Candijay
=260  \\$bBISU-Candijay
=260  \\$c2016
=300  \\$avi, 34 leaves
=700  \\1$aLadra, Leine-An B.
=700  \\1$aNaïve, Jomar G.
=852  \\$aBISU Candijay - Cogtong, Candijay
=876  \\$aBISU-CC-000168
=876  \\$bBISUCAN-T-2023000197
=876  \\$hFor room use only
=876  \\$jInventoried
=876  \\$tCopy 1

