=LDR  00000nam a2200000Ia 45e0
=008  241106s9999\\\\xx\\\\\\\\\\\\000\0\und\d
=100  \\$aMacas,  Danilo Omac
=245  \4$aThe Culture of Freshwater Prawn (Macrobrachium Rosenbergii) in a Net Cage Fed with Trashfishes
=245  \0$bby Danilo Omac Macas
=260  \\$aCogtong, Candijay
=260  \\$bBISU-Candijay
=260  \\$c2003
=300  \\$aviii, 28 leaves
=852  \\$aBISU Candijay - Cogtong, Candijay
=876  \\$aBISU-CC-000169
=876  \\$bBISUCAN-T-2023000198
=876  \\$hFor room use only
=876  \\$jInventoried
=876  \\$tCopy 1

