=LDR  00000nam a2200000Ia 45e0
=008  241106s9999\\\\xx\\\\\\\\\\\\000\0\und\d
=100  \\$aAmoncio,  Mary Ann B.
=245  \4$aThe Culture of Golden Rabbitfish (Siganus Guttatus) in a Net Cage Fed with Commercial Feeds in Cogtong Bay
=245  \0$bby Mary Ann B. Amoncio and Roselyn L. Timbal
=260  \\$aCogtong, Candijay
=260  \\$bBISU-Candijay
=260  \\$c2004
=300  \\$axiv, 51 leaves
=700  \\1$aTimbal, Roselyn L.
=852  \\$aBISU Candijay - Cogtong, Candijay
=876  \\$aBISU-CC-000170
=876  \\$bBISUCAN-T-2023000199
=876  \\$hFor room use only
=876  \\$jInventoried
=876  \\$tCopy 1

