=LDR  00000nam a2200000Ia 45e0
=008  241106s9999\\\\xx\\\\\\\\\\\\000\0\und\d
=100  \\$aLuzano,  Mario O.
=245  \4$aThe Effect of Different Levels of Ipil-Ipil Leaf Meal on the Egg Production of Single-Combed White Leghorn Using Fronda's Laying Ration
=245  \0$bby Mario O. Luzano
=260  \\$aCogtong, Candijay
=260  \\$bBISU-Candijay
=260  \\$c1977
=300  \\$axi, 34 leaves
=852  \\$aBISU Candijay - Cogtong, Candijay
=876  \\$aBISU-CC-000171
=876  \\$bBISUCAN-T-2023000200
=876  \\$hFor room use only
=876  \\$jInventoried
=876  \\$tCopy 1

