=LDR  00000nam a2200000Ia 45e0
=008  241106s9999\\\\xx\\\\\\\\\\\\000\0\und\d
=100  \\$aNiones,  Tito Egloria
=245  \4$aThe Effectivity of Grated Coconut as Feed for Crab (Scylla Serrata) Fattening 
=245  \0$bby Tito Egloria Niones
=260  \\$aCogtong, Candijay
=260  \\$bBISU-Candijay
=260  \\$c1993
=300  \\$axii, 32 leaves
=852  \\$aBISU Candijay - Cogtong, Candijay
=876  \\$aBISU-CC-000172
=876  \\$bBISUCAN-T-2023000201
=876  \\$hFor room use only
=876  \\$jInventoried
=876  \\$tCopy 1

