=LDR  00000nam a2200000Ia 45e0
=008  241106s9999\\\\xx\\\\\\\\\\\\000\0\und\d
=100  \\$aTrinidad,  Bernaldo Garcia
=245  \4$aThe Effects of Red and Natural Colored Flashlight Blinkers of Baited Squid Jig Operated in Guindulman, Bohol
=245  \0$bby Bernaldo Garcia Trinidad
=260  \\$aCogtong, Candijay
=260  \\$bBISU-Candijay
=260  \\$c2003
=300  \\$aviii, 34 leaves
=852  \\$aBISU Candijay - Cogtong, Candijay
=876  \\$aBISU-CC-000173
=876  \\$bBISUCAN-T-2023000202
=876  \\$hFor room use only
=876  \\$jInventoried
=876  \\$tCopy 1

