=LDR  00000nam a2200000Ia 45e0
=008  241106s9999\\\\xx\\\\\\\\\\\\000\0\und\d
=100  \\$aAcino,  Joan C.
=245  \0$aUtilization of Fish Entrails into Fishballs: Fish Waste Management
=245  \0$bby Joan C. Acino and Janine Jean V. Jotojot
=260  \\$aCogtong, Candijay
=260  \\$bBISU-Candijay
=260  \\$c2013
=300  \\$avi, 29 leaves
=700  \\1$aJotojot, Janine Jean V.
=852  \\$aBISU Candijay - Cogtong, Candijay
=876  \\$aBISU-CC-000174
=876  \\$bBISUCAN-T-2023000203
=876  \\$hFor room use only
=876  \\$jInventoried
=876  \\$tCopy 1

