=LDR  00000nam a2200000Ia 45e0
=008  241106s9999\\\\xx\\\\\\\\\\\\000\0\und\d
=100  \\$aHinaloc,  Josephine B.
=245  \0$aUtilization of Freckled Hawkfish (Ambasssis Kopsil) into Fish Chips with Malunggay Leaves
=245  \0$bby Josephine B. Hinaloc and Fatima A. Pelecio
=260  \\$aCogtong, Candijay
=260  \\$bBISU-Candijay
=260  \\$c2013
=300  \\$avi, 40 leaves
=700  \\1$aPelecio, Fatima A.
=852  \\$aBISU Candijay - Cogtong, Candijay
=876  \\$aBISU-CC-000175
=876  \\$bBISUCAN-T-2023000204
=876  \\$hFor room use only
=876  \\$jInventoried
=876  \\$tCopy 1

