=LDR  00000nam a2200000Ia 45e0
=008  241106s9999\\\\xx\\\\\\\\\\\\000\0\und\d
=100  \\$aGunday,  Emelie S.
=245  \0$aUtilization of Ipil-Ipil Leucaena Leucocephala Leaves as Feeds for Tilapia Oreochromis Mossambicus
=245  \0$bby Emelie S. Gunday and Armarie M. Amolato
=260  \\$aCogtong, Candijay
=260  \\$bBISU-Candijay
=260  \\$c2016
=300  \\$aviii, 32 leaves
=700  \\1$aAmolato, Armarie M.
=852  \\$aBISU Candijay - Cogtong, Candijay
=876  \\$aBISU-CC-000176
=876  \\$bBISUCAN-T-2023000205
=876  \\$hFor room use only
=876  \\$jInventoried
=876  \\$tCopy 1

