=LDR  00000nam a2200000Ia 45e0
=008  241106s9999\\\\xx\\\\\\\\\\\\000\0\und\d
=100  \\$aTimbal,  Hasmin M.
=245  \0$aUtilization of Swamp Substrate as Organic Fertilizer for Pechay Brassica Rapa
=245  \0$bby Hasmin M. Timbal and Juvelyn D. Muring
=260  \\$aCogtong, Candijay
=260  \\$bBISU-Candijay
=260  \\$c2016
=300  \\$avii, 29 leaves
=700  \\1$aMuring, Juvelyn D.
=852  \\$aBISU Candijay - Cogtong, Candijay
=876  \\$aBISU-CC-000177
=876  \\$bBISUCAN-T-2023000206
=876  \\$hFor room use only
=876  \\$jInventoried
=876  \\$tCopy 1

