=LDR  00000nam a2200000Ia 45e0
=008  241106s9999\\\\xx\\\\\\\\\\\\000\0\und\d
=100  \\$aLazarra, John Gil R.
=245  \0$aYield Comparison of Tilapia Oreochromis Niloticus Fed with Two Different Feed Formulation
=245  \0$bby John Gil R. Lazarra and Frederick C. Macalam
=260  \\$aCogtong, Candijay
=260  \\$bBISU-Candijay
=260  \\$c2016
=300  \\$avii, 21 leaves
=700  \\1$aMacalam, Frederick C.
=852  \\$aBISU Candijay - Cogtong, Candijay
=876  \\$aBISU-CC-000178
=876  \\$bBISUCAN-T-2023000207
=876  \\$hFor room use only
=876  \\$jInventoried
=876  \\$tCopy 1

