=LDR  00000nam a2200000Ia 45e0
=008  241106s9999\\\\xx\\\\\\\\\\\\000\0\und\d
=100  \\$aAparri,  Florencio A.
=245  \0$aYield of Milkfish and Siganid Polyculture in Marine Net Cages
=245  \0$bby Florencio A. Aparri
=260  \\$aBarotac Nuevo, Iloilo
=260  \\$bIloilo State College of Fisheries
=260  \\$c2003
=300  \\$axv, 87 leaves
=852  \\$aBISU Candijay - Cogtong, Candijay
=876  \\$aBISU-CC-000179
=876  \\$bBISUCAN-T-2023000208
=876  \\$hFor room use only
=876  \\$jInventoried
=876  \\$tCopy 1

